%YAML 1.1
%TAG !u! tag:unity3d.com,2011:
--- !u!1 &6642131111649547149
GameObject:
  m_ObjectHideFlags: 0
  m_CorrespondingSourceObject: {fileID: 0}
  m_PrefabInstance: {fileID: 0}
  m_PrefabAsset: {fileID: 0}
  serializedVersion: 6
  m_Component:
  - component: {fileID: 292584948726698427}
  - component: {fileID: 4819395962963277375}
  - component: {fileID: 2755850589708319138}
  - component: {fileID: 6113167549722167502}
  - component: {fileID: 18332371285592170}
  - component: {fileID: 2538001888545226027}
  m_Layer: 7
  m_Name: SirIronhammer
  m_TagString: Untagged
  m_Icon: {fileID: 0}
  m_NavMeshLayer: 0
  m_StaticEditorFlags: 0
  m_IsActive: 1
--- !u!4 &292584948726698427
Transform:
  m_ObjectHideFlags: 0
  m_CorrespondingSourceObject: {fileID: 0}
  m_PrefabInstance: {fileID: 0}
  m_PrefabAsset: {fileID: 0}
  m_GameObject: {fileID: 6642131111649547149}
  m_LocalRotation: {x: 0, y: 0, z: 0, w: 1}
  m_LocalPosition: {x: 0, y: 0, z: 0}
  m_LocalScale: {x: 1, y: 1, z: 1}
  m_Children:
  - {fileID: 1015604304067604322}
  - {fileID: 6422266436361879252}
  - {fileID: 4207969977959899663}
  - {fileID: 5578457882505491856}
  - {fileID: 8679363260656668297}
  m_Father: {fileID: 0}
  m_RootOrder: 0
  m_LocalEulerAnglesHint: {x: 0, y: 0, z: 0}
--- !u!114 &4819395962963277375
MonoBehaviour:
  m_ObjectHideFlags: 0
  m_CorrespondingSourceObject: {fileID: 0}
  m_PrefabInstance: {fileID: 0}
  m_PrefabAsset: {fileID: 0}
  m_GameObject: {fileID: 6642131111649547149}
  m_Enabled: 1
  m_EditorHideFlags: 0
  m_Script: {fileID: 11500000, guid: d37804404a3c4437a0af44c598714a9c, type: 3}
  m_Name: 
  m_EditorClassIdentifier: 
  Config: {fileID: 11400000, guid: 16acb081f9d598f459a7e46fbc730495, type: 2}
--- !u!114 &2755850589708319138
MonoBehaviour:
  m_ObjectHideFlags: 0
  m_CorrespondingSourceObject: {fileID: 0}
  m_PrefabInstance: {fileID: 0}
  m_PrefabAsset: {fileID: 0}
  m_GameObject: {fileID: 6642131111649547149}
  m_Enabled: 1
  m_EditorHideFlags: 0
  m_Script: {fileID: 11500000, guid: 35c23a7fdef8434c8e2dc96f3854bba1, type: 3}
  m_Name: 
  m_EditorClassIdentifier: 
--- !u!114 &6113167549722167502
MonoBehaviour:
  m_ObjectHideFlags: 0
  m_CorrespondingSourceObject: {fileID: 0}
  m_PrefabInstance: {fileID: 0}
  m_PrefabAsset: {fileID: 0}
  m_GameObject: {fileID: 6642131111649547149}
  m_Enabled: 1
  m_EditorHideFlags: 0
  m_Script: {fileID: 11500000, guid: aa584fbee541324448dd18d8409c7a41, type: 3}
  m_Name: 
  m_EditorClassIdentifier: 
  ObservedComponentsFoldoutOpen: 1
  Group: 0
  prefixField: -1
  Synchronization: 1
  OwnershipTransfer: 0
  observableSearch: 2
  ObservedComponents:
  - {fileID: 4819395962963277375}
  - {fileID: 2755850589708319138}
  - {fileID: 2538001888545226027}
  sceneViewId: 0
  InstantiationId: 0
  isRuntimeInstantiated: 0
--- !u!114 &18332371285592170
MonoBehaviour:
  m_ObjectHideFlags: 0
  m_CorrespondingSourceObject: {fileID: 0}
  m_PrefabInstance: {fileID: 0}
  m_PrefabAsset: {fileID: 0}
  m_GameObject: {fileID: 6642131111649547149}
  m_Enabled: 1
  m_EditorHideFlags: 0
  m_Script: {fileID: 11500000, guid: 03b53dcfae7b44f488173e78c72f5936, type: 3}
  m_Name: 
  m_EditorClassIdentifier: 
  _selectionView: {fileID: 3050751746736520663}
--- !u!114 &2538001888545226027
MonoBehaviour:
  m_ObjectHideFlags: 0
  m_CorrespondingSourceObject: {fileID: 0}
  m_PrefabInstance: {fileID: 0}
  m_PrefabAsset: {fileID: 0}
  m_GameObject: {fileID: 6642131111649547149}
  m_Enabled: 1
  m_EditorHideFlags: 0
  m_Script: {fileID: 11500000, guid: 8efc6b1d64977384eb3405357896c656, type: 3}
  m_Name: 
  m_EditorClassIdentifier: 
  m_PositionModel:
    SynchronizeEnabled: 1
    TeleportEnabled: 1
    TeleportIfDistanceGreaterThan: 3
    InterpolateOption: 2
    InterpolateMoveTowardsSpeed: 1
    InterpolateLerpSpeed: 1
    ExtrapolateOption: 0
    ExtrapolateSpeed: 1
    ExtrapolateIncludingRoundTripTime: 1
    ExtrapolateNumberOfStoredPositions: 1
  m_RotationModel:
    SynchronizeEnabled: 0
    InterpolateOption: 0
    InterpolateRotateTowardsSpeed: 180
    InterpolateLerpSpeed: 5
  m_ScaleModel:
    SynchronizeEnabled: 0
    InterpolateOption: 0
    InterpolateMoveTowardsSpeed: 1
    InterpolateLerpSpeed: 0
--- !u!1001 &1011359473820738472
PrefabInstance:
  m_ObjectHideFlags: 0
  serializedVersion: 2
  m_Modification:
    m_TransformParent: {fileID: 292584948726698427}
    m_Modifications:
    - target: {fileID: 1741276027538082, guid: 764704f979b842344b6b708937574898, type: 3}
      propertyPath: m_Name
      value: SirIronhammerModel
      objectReference: {fileID: 0}
    - target: {fileID: 4842998965800138, guid: 764704f979b842344b6b708937574898, type: 3}
      propertyPath: m_RootOrder
      value: 0
      objectReference: {fileID: 0}
    - target: {fileID: 4842998965800138, guid: 764704f979b842344b6b708937574898, type: 3}
      propertyPath: m_LocalPosition.x
      value: 0
      objectReference: {fileID: 0}
    - target: {fileID: 4842998965800138, guid: 764704f979b842344b6b708937574898, type: 3}
      propertyPath: m_LocalPosition.y
      value: 0
      objectReference: {fileID: 0}
    - target: {fileID: 4842998965800138, guid: 764704f979b842344b6b708937574898, type: 3}
      propertyPath: m_LocalPosition.z
      value: 0
      objectReference: {fileID: 0}
    - target: {fileID: 4842998965800138, guid: 764704f979b842344b6b708937574898, type: 3}
      propertyPath: m_LocalRotation.w
      value: 1
      objectReference: {fileID: 0}
    - target: {fileID: 4842998965800138, guid: 764704f979b842344b6b708937574898, type: 3}
      propertyPath: m_LocalRotation.x
      value: 0
      objectReference: {fileID: 0}
    - target: {fileID: 4842998965800138, guid: 764704f979b842344b6b708937574898, type: 3}
      propertyPath: m_LocalRotation.y
      value: 0
      objectReference: {fileID: 0}
    - target: {fileID: 4842998965800138, guid: 764704f979b842344b6b708937574898, type: 3}
      propertyPath: m_LocalRotation.z
      value: 0
      objectReference: {fileID: 0}
    - target: {fileID: 4842998965800138, guid: 764704f979b842344b6b708937574898, type: 3}
      propertyPath: m_LocalEulerAnglesHint.x
      value: 0
      objectReference: {fileID: 0}
    - target: {fileID: 4842998965800138, guid: 764704f979b842344b6b708937574898, type: 3}
      propertyPath: m_LocalEulerAnglesHint.y
      value: 0
      objectReference: {fileID: 0}
    - target: {fileID: 4842998965800138, guid: 764704f979b842344b6b708937574898, type: 3}
      propertyPath: m_LocalEulerAnglesHint.z
      value: 0
      objectReference: {fileID: 0}
    m_RemovedComponents:
    - {fileID: 8359484855838380816, guid: 764704f979b842344b6b708937574898, type: 3}
  m_SourcePrefab: {fileID: 100100000, guid: 764704f979b842344b6b708937574898, type: 3}
--- !u!4 &1015604304067604322 stripped
Transform:
  m_CorrespondingSourceObject: {fileID: 4842998965800138, guid: 764704f979b842344b6b708937574898, type: 3}
  m_PrefabInstance: {fileID: 1011359473820738472}
  m_PrefabAsset: {fileID: 0}
--- !u!1001 &1349258233227457856
PrefabInstance:
  m_ObjectHideFlags: 0
  serializedVersion: 2
  m_Modification:
    m_TransformParent: {fileID: 292584948726698427}
    m_Modifications:
    - target: {fileID: 1605907598680931211, guid: d6688bfdc7482744583a21f2eeb1ec28, type: 3}
      propertyPath: m_Name
      value: HitZone
      objectReference: {fileID: 0}
    - target: {fileID: 5447665028474358676, guid: d6688bfdc7482744583a21f2eeb1ec28, type: 3}
      propertyPath: m_RootOrder
      value: 1
      objectReference: {fileID: 0}
    - target: {fileID: 5447665028474358676, guid: d6688bfdc7482744583a21f2eeb1ec28, type: 3}
      propertyPath: m_LocalScale.x
      value: 0.8
      objectReference: {fileID: 0}
    - target: {fileID: 5447665028474358676, guid: d6688bfdc7482744583a21f2eeb1ec28, type: 3}
      propertyPath: m_LocalScale.y
      value: 0.1
      objectReference: {fileID: 0}
    - target: {fileID: 5447665028474358676, guid: d6688bfdc7482744583a21f2eeb1ec28, type: 3}
      propertyPath: m_LocalScale.z
      value: 0.8
      objectReference: {fileID: 0}
    - target: {fileID: 5447665028474358676, guid: d6688bfdc7482744583a21f2eeb1ec28, type: 3}
      propertyPath: m_LocalPosition.x
      value: 0
      objectReference: {fileID: 0}
    - target: {fileID: 5447665028474358676, guid: d6688bfdc7482744583a21f2eeb1ec28, type: 3}
      propertyPath: m_LocalPosition.y
      value: 0.05
      objectReference: {fileID: 0}
    - target: {fileID: 5447665028474358676, guid: d6688bfdc7482744583a21f2eeb1ec28, type: 3}
      propertyPath: m_LocalPosition.z
      value: 0
      objectReference: {fileID: 0}
    - target: {fileID: 5447665028474358676, guid: d6688bfdc7482744583a21f2eeb1ec28, type: 3}
      propertyPath: m_LocalRotation.w
      value: 1
      objectReference: {fileID: 0}
    - target: {fileID: 5447665028474358676, guid: d6688bfdc7482744583a21f2eeb1ec28, type: 3}
      propertyPath: m_LocalRotation.x
      value: -0
      objectReference: {fileID: 0}
    - target: {fileID: 5447665028474358676, guid: d6688bfdc7482744583a21f2eeb1ec28, type: 3}
      propertyPath: m_LocalRotation.y
      value: -0
      objectReference: {fileID: 0}
    - target: {fileID: 5447665028474358676, guid: d6688bfdc7482744583a21f2eeb1ec28, type: 3}
      propertyPath: m_LocalRotation.z
      value: -0
      objectReference: {fileID: 0}
    - target: {fileID: 5447665028474358676, guid: d6688bfdc7482744583a21f2eeb1ec28, type: 3}
      propertyPath: m_LocalEulerAnglesHint.x
      value: 0
      objectReference: {fileID: 0}
    - target: {fileID: 5447665028474358676, guid: d6688bfdc7482744583a21f2eeb1ec28, type: 3}
      propertyPath: m_LocalEulerAnglesHint.y
      value: 0
      objectReference: {fileID: 0}
    - target: {fileID: 5447665028474358676, guid: d6688bfdc7482744583a21f2eeb1ec28, type: 3}
      propertyPath: m_LocalEulerAnglesHint.z
      value: 0
      objectReference: {fileID: 0}
    m_RemovedComponents: []
  m_SourcePrefab: {fileID: 100100000, guid: d6688bfdc7482744583a21f2eeb1ec28, type: 3}
--- !u!4 &6422266436361879252 stripped
Transform:
  m_CorrespondingSourceObject: {fileID: 5447665028474358676, guid: d6688bfdc7482744583a21f2eeb1ec28, type: 3}
  m_PrefabInstance: {fileID: 1349258233227457856}
  m_PrefabAsset: {fileID: 0}
--- !u!1001 &4091562883582357678
PrefabInstance:
  m_ObjectHideFlags: 0
  serializedVersion: 2
  m_Modification:
    m_TransformParent: {fileID: 292584948726698427}
    m_Modifications:
    - target: {fileID: 192969400844260001, guid: 8575cdc7847f444468d11f3a9bb45ba9, type: 3}
      propertyPath: m_RootOrder
      value: 2
      objectReference: {fileID: 0}
    - target: {fileID: 192969400844260001, guid: 8575cdc7847f444468d11f3a9bb45ba9, type: 3}
      propertyPath: m_LocalPosition.x
      value: 0
      objectReference: {fileID: 0}
    - target: {fileID: 192969400844260001, guid: 8575cdc7847f444468d11f3a9bb45ba9, type: 3}
      propertyPath: m_LocalPosition.y
      value: 0
      objectReference: {fileID: 0}
    - target: {fileID: 192969400844260001, guid: 8575cdc7847f444468d11f3a9bb45ba9, type: 3}
      propertyPath: m_LocalPosition.z
      value: 0
      objectReference: {fileID: 0}
    - target: {fileID: 192969400844260001, guid: 8575cdc7847f444468d11f3a9bb45ba9, type: 3}
      propertyPath: m_LocalRotation.w
      value: 0.7071068
      objectReference: {fileID: 0}
    - target: {fileID: 192969400844260001, guid: 8575cdc7847f444468d11f3a9bb45ba9, type: 3}
      propertyPath: m_LocalRotation.x
      value: 0.7071068
      objectReference: {fileID: 0}
    - target: {fileID: 192969400844260001, guid: 8575cdc7847f444468d11f3a9bb45ba9, type: 3}
      propertyPath: m_LocalRotation.y
      value: 0
      objectReference: {fileID: 0}
    - target: {fileID: 192969400844260001, guid: 8575cdc7847f444468d11f3a9bb45ba9, type: 3}
      propertyPath: m_LocalRotation.z
      value: 0
      objectReference: {fileID: 0}
    - target: {fileID: 192969400844260001, guid: 8575cdc7847f444468d11f3a9bb45ba9, type: 3}
      propertyPath: m_LocalEulerAnglesHint.x
      value: 90
      objectReference: {fileID: 0}
    - target: {fileID: 192969400844260001, guid: 8575cdc7847f444468d11f3a9bb45ba9, type: 3}
      propertyPath: m_LocalEulerAnglesHint.y
      value: 0
      objectReference: {fileID: 0}
    - target: {fileID: 192969400844260001, guid: 8575cdc7847f444468d11f3a9bb45ba9, type: 3}
      propertyPath: m_LocalEulerAnglesHint.z
      value: 0
      objectReference: {fileID: 0}
    - target: {fileID: 1341602439131336057, guid: 8575cdc7847f444468d11f3a9bb45ba9, type: 3}
      propertyPath: m_Name
      value: Selection
      objectReference: {fileID: 0}
    - target: {fileID: 1341602439131336057, guid: 8575cdc7847f444468d11f3a9bb45ba9, type: 3}
      propertyPath: m_IsActive
      value: 0
      objectReference: {fileID: 0}
    m_RemovedComponents: []
  m_SourcePrefab: {fileID: 100100000, guid: 8575cdc7847f444468d11f3a9bb45ba9, type: 3}
--- !u!1 &3050751746736520663 stripped
GameObject:
  m_CorrespondingSourceObject: {fileID: 1341602439131336057, guid: 8575cdc7847f444468d11f3a9bb45ba9, type: 3}
  m_PrefabInstance: {fileID: 4091562883582357678}
  m_PrefabAsset: {fileID: 0}
--- !u!4 &4207969977959899663 stripped
Transform:
  m_CorrespondingSourceObject: {fileID: 192969400844260001, guid: 8575cdc7847f444468d11f3a9bb45ba9, type: 3}
  m_PrefabInstance: {fileID: 4091562883582357678}
  m_PrefabAsset: {fileID: 0}
--- !u!1001 &4250249887141701614
PrefabInstance:
  m_ObjectHideFlags: 0
  serializedVersion: 2
  m_Modification:
    m_TransformParent: {fileID: 292584948726698427}
    m_Modifications:
    - target: {fileID: 220088036392942229, guid: 060b5998aa914184f8bb726bedcd3f1d, type: 3}
      propertyPath: m_Name
      value: StatusEffectDisplay
      objectReference: {fileID: 0}
    - target: {fileID: 4638558485715383101, guid: 060b5998aa914184f8bb726bedcd3f1d, type: 3}
      propertyPath: m_SortingOrder
      value: 5
      objectReference: {fileID: 0}
    - target: {fileID: 4794258990428973415, guid: 060b5998aa914184f8bb726bedcd3f1d, type: 3}
      propertyPath: m_RootOrder
      value: 4
      objectReference: {fileID: 0}
    - target: {fileID: 4794258990428973415, guid: 060b5998aa914184f8bb726bedcd3f1d, type: 3}
      propertyPath: m_LocalPosition.x
      value: 0
      objectReference: {fileID: 0}
    - target: {fileID: 4794258990428973415, guid: 060b5998aa914184f8bb726bedcd3f1d, type: 3}
      propertyPath: m_LocalPosition.y
      value: 3
      objectReference: {fileID: 0}
    - target: {fileID: 4794258990428973415, guid: 060b5998aa914184f8bb726bedcd3f1d, type: 3}
      propertyPath: m_LocalPosition.z
      value: 0
      objectReference: {fileID: 0}
    - target: {fileID: 4794258990428973415, guid: 060b5998aa914184f8bb726bedcd3f1d, type: 3}
      propertyPath: m_LocalRotation.w
      value: 1
      objectReference: {fileID: 0}
    - target: {fileID: 4794258990428973415, guid: 060b5998aa914184f8bb726bedcd3f1d, type: 3}
      propertyPath: m_LocalRotation.x
      value: 0
      objectReference: {fileID: 0}
    - target: {fileID: 4794258990428973415, guid: 060b5998aa914184f8bb726bedcd3f1d, type: 3}
      propertyPath: m_LocalRotation.y
      value: 0
      objectReference: {fileID: 0}
    - target: {fileID: 4794258990428973415, guid: 060b5998aa914184f8bb726bedcd3f1d, type: 3}
      propertyPath: m_LocalRotation.z
      value: 0
      objectReference: {fileID: 0}
    - target: {fileID: 4794258990428973415, guid: 060b5998aa914184f8bb726bedcd3f1d, type: 3}
      propertyPath: m_LocalEulerAnglesHint.x
      value: 0
      objectReference: {fileID: 0}
    - target: {fileID: 4794258990428973415, guid: 060b5998aa914184f8bb726bedcd3f1d, type: 3}
      propertyPath: m_LocalEulerAnglesHint.y
      value: 0
      objectReference: {fileID: 0}
    - target: {fileID: 4794258990428973415, guid: 060b5998aa914184f8bb726bedcd3f1d, type: 3}
      propertyPath: m_LocalEulerAnglesHint.z
      value: 0
      objectReference: {fileID: 0}
    m_RemovedComponents: []
  m_SourcePrefab: {fileID: 100100000, guid: 060b5998aa914184f8bb726bedcd3f1d, type: 3}
--- !u!4 &8679363260656668297 stripped
Transform:
  m_CorrespondingSourceObject: {fileID: 4794258990428973415, guid: 060b5998aa914184f8bb726bedcd3f1d, type: 3}
  m_PrefabInstance: {fileID: 4250249887141701614}
  m_PrefabAsset: {fileID: 0}
--- !u!1001 &5731067245940471964
PrefabInstance:
  m_ObjectHideFlags: 0
  serializedVersion: 2
  m_Modification:
    m_TransformParent: {fileID: 292584948726698427}
    m_Modifications:
    - target: {fileID: 207867796374146316, guid: dff423b094b86714eaccc7db5868980b, type: 3}
      propertyPath: m_Pivot.x
      value: 0.5
      objectReference: {fileID: 0}
    - target: {fileID: 207867796374146316, guid: dff423b094b86714eaccc7db5868980b, type: 3}
      propertyPath: m_Pivot.y
      value: 0.5
      objectReference: {fileID: 0}
    - target: {fileID: 207867796374146316, guid: dff423b094b86714eaccc7db5868980b, type: 3}
      propertyPath: m_RootOrder
      value: 3
      objectReference: {fileID: 0}
    - target: {fileID: 207867796374146316, guid: dff423b094b86714eaccc7db5868980b, type: 3}
      propertyPath: m_AnchorMax.x
      value: 0.5
      objectReference: {fileID: 0}
    - target: {fileID: 207867796374146316, guid: dff423b094b86714eaccc7db5868980b, type: 3}
      propertyPath: m_AnchorMax.y
      value: 0.5
      objectReference: {fileID: 0}
    - target: {fileID: 207867796374146316, guid: dff423b094b86714eaccc7db5868980b, type: 3}
      propertyPath: m_AnchorMin.x
      value: 0.5
      objectReference: {fileID: 0}
    - target: {fileID: 207867796374146316, guid: dff423b094b86714eaccc7db5868980b, type: 3}
      propertyPath: m_AnchorMin.y
      value: 0.5
      objectReference: {fileID: 0}
    - target: {fileID: 207867796374146316, guid: dff423b094b86714eaccc7db5868980b, type: 3}
      propertyPath: m_SizeDelta.x
      value: 1.5394
      objectReference: {fileID: 0}
    - target: {fileID: 207867796374146316, guid: dff423b094b86714eaccc7db5868980b, type: 3}
      propertyPath: m_SizeDelta.y
      value: 0.5
      objectReference: {fileID: 0}
    - target: {fileID: 207867796374146316, guid: dff423b094b86714eaccc7db5868980b, type: 3}
      propertyPath: m_LocalPosition.x
      value: 0
      objectReference: {fileID: 0}
    - target: {fileID: 207867796374146316, guid: dff423b094b86714eaccc7db5868980b, type: 3}
      propertyPath: m_LocalPosition.y
      value: 0
      objectReference: {fileID: 0}
    - target: {fileID: 207867796374146316, guid: dff423b094b86714eaccc7db5868980b, type: 3}
      propertyPath: m_LocalPosition.z
      value: 0
      objectReference: {fileID: 0}
    - target: {fileID: 207867796374146316, guid: dff423b094b86714eaccc7db5868980b, type: 3}
      propertyPath: m_LocalRotation.w
      value: 1
      objectReference: {fileID: 0}
    - target: {fileID: 207867796374146316, guid: dff423b094b86714eaccc7db5868980b, type: 3}
      propertyPath: m_LocalRotation.x
      value: 0
      objectReference: {fileID: 0}
    - target: {fileID: 207867796374146316, guid: dff423b094b86714eaccc7db5868980b, type: 3}
      propertyPath: m_LocalRotation.y
      value: 0
      objectReference: {fileID: 0}
    - target: {fileID: 207867796374146316, guid: dff423b094b86714eaccc7db5868980b, type: 3}
      propertyPath: m_LocalRotation.z
      value: 0
      objectReference: {fileID: 0}
    - target: {fileID: 207867796374146316, guid: dff423b094b86714eaccc7db5868980b, type: 3}
      propertyPath: m_AnchoredPosition.x
      value: 0
      objectReference: {fileID: 0}
    - target: {fileID: 207867796374146316, guid: dff423b094b86714eaccc7db5868980b, type: 3}
      propertyPath: m_AnchoredPosition.y
      value: 2.81
      objectReference: {fileID: 0}
    - target: {fileID: 207867796374146316, guid: dff423b094b86714eaccc7db5868980b, type: 3}
      propertyPath: m_LocalEulerAnglesHint.x
      value: 0
      objectReference: {fileID: 0}
    - target: {fileID: 207867796374146316, guid: dff423b094b86714eaccc7db5868980b, type: 3}
      propertyPath: m_LocalEulerAnglesHint.y
      value: 0
      objectReference: {fileID: 0}
    - target: {fileID: 207867796374146316, guid: dff423b094b86714eaccc7db5868980b, type: 3}
      propertyPath: m_LocalEulerAnglesHint.z
      value: 0
      objectReference: {fileID: 0}
    - target: {fileID: 3383633032925419483, guid: dff423b094b86714eaccc7db5868980b, type: 3}
      propertyPath: m_Name
      value: ChangingHealthDisplay
      objectReference: {fileID: 0}
    m_RemovedComponents: []
  m_SourcePrefab: {fileID: 100100000, guid: dff423b094b86714eaccc7db5868980b, type: 3}
--- !u!224 &5578457882505491856 stripped
RectTransform:
  m_CorrespondingSourceObject: {fileID: 207867796374146316, guid: dff423b094b86714eaccc7db5868980b, type: 3}
  m_PrefabInstance: {fileID: 5731067245940471964}
  m_PrefabAsset: {fileID: 0}
