%YAML 1.1
%TAG !u! tag:unity3d.com,2011:
--- !u!1 &1010603677673456
GameObject:
  m_ObjectHideFlags: 0
  m_CorrespondingSourceObject: {fileID: 0}
  m_PrefabInstance: {fileID: 0}
  m_PrefabAsset: {fileID: 0}
  serializedVersion: 6
  m_Component:
  - component: {fileID: 4938630710363830}
  m_Layer: 7
  m_Name: Thumb_03 1
  m_TagString: Untagged
  m_Icon: {fileID: 0}
  m_NavMeshLayer: 0
  m_StaticEditorFlags: 0
  m_IsActive: 1
--- !u!4 &4938630710363830
Transform:
  m_ObjectHideFlags: 0
  m_CorrespondingSourceObject: {fileID: 0}
  m_PrefabInstance: {fileID: 0}
  m_PrefabAsset: {fileID: 0}
  m_GameObject: {fileID: 1010603677673456}
  m_LocalRotation: {x: 0.06524411, y: 0.15822244, z: 0.23097971, w: -0.95778775}
  m_LocalPosition: {x: 0.056655094, y: 0.000000113621354, z: -0.000000230968}
  m_LocalScale: {x: 1, y: 1, z: 1}
  m_Children: []
  m_Father: {fileID: 4900650288497166}
  m_RootOrder: 0
  m_LocalEulerAnglesHint: {x: 0, y: 0, z: 0}
--- !u!1 &1020498131986514
GameObject:
  m_ObjectHideFlags: 0
  m_CorrespondingSourceObject: {fileID: 0}
  m_PrefabInstance: {fileID: 0}
  m_PrefabAsset: {fileID: 0}
  serializedVersion: 6
  m_Component:
  - component: {fileID: 4041299032084260}
  m_Layer: 7
  m_Name: Finger_02 1
  m_TagString: Untagged
  m_Icon: {fileID: 0}
  m_NavMeshLayer: 0
  m_StaticEditorFlags: 0
  m_IsActive: 1
--- !u!4 &4041299032084260
Transform:
  m_ObjectHideFlags: 0
  m_CorrespondingSourceObject: {fileID: 0}
  m_PrefabInstance: {fileID: 0}
  m_PrefabAsset: {fileID: 0}
  m_GameObject: {fileID: 1020498131986514}
  m_LocalRotation: {x: -0.02224333, y: -0.017307945, z: -0.33287942, w: -0.9425481}
  m_LocalPosition: {x: 0.042488072, y: 0.0000002947636, z: -0.000000018626451}
  m_LocalScale: {x: 1, y: 1, z: 1}
  m_Children:
  - {fileID: 4049147652273238}
  m_Father: {fileID: 4129909486566032}
  m_RootOrder: 0
  m_LocalEulerAnglesHint: {x: 0, y: 0, z: 0}
--- !u!1 &1034632508361522
GameObject:
  m_ObjectHideFlags: 0
  m_CorrespondingSourceObject: {fileID: 0}
  m_PrefabInstance: {fileID: 0}
  m_PrefabAsset: {fileID: 0}
  serializedVersion: 6
  m_Component:
  - component: {fileID: 4515569436644034}
  m_Layer: 7
  m_Name: Finger_01
  m_TagString: Untagged
  m_Icon: {fileID: 0}
  m_NavMeshLayer: 0
  m_StaticEditorFlags: 0
  m_IsActive: 1
--- !u!4 &4515569436644034
Transform:
  m_ObjectHideFlags: 0
  m_CorrespondingSourceObject: {fileID: 0}
  m_PrefabInstance: {fileID: 0}
  m_PrefabAsset: {fileID: 0}
  m_GameObject: {fileID: 1034632508361522}
  m_LocalRotation: {x: 0.010015592, y: -0.0030684725, z: 0.34051254, w: 0.9401817}
  m_LocalPosition: {x: -0.09982523, y: -0.0011595398, z: -0.032833405}
  m_LocalScale: {x: 1, y: 1, z: 1}
  m_Children:
  - {fileID: 4274801939823330}
  m_Father: {fileID: 4753099929514778}
  m_RootOrder: 0
  m_LocalEulerAnglesHint: {x: 0, y: 0, z: 0}
--- !u!1 &1065564280852420
GameObject:
  m_ObjectHideFlags: 0
  m_CorrespondingSourceObject: {fileID: 0}
  m_PrefabInstance: {fileID: 0}
  m_PrefabAsset: {fileID: 0}
  serializedVersion: 6
  m_Component:
  - component: {fileID: 4842468766307532}
  m_Layer: 7
  m_Name: UpperLeg_L
  m_TagString: Untagged
  m_Icon: {fileID: 0}
  m_NavMeshLayer: 0
  m_StaticEditorFlags: 0
  m_IsActive: 1
--- !u!4 &4842468766307532
Transform:
  m_ObjectHideFlags: 0
  m_CorrespondingSourceObject: {fileID: 0}
  m_PrefabInstance: {fileID: 0}
  m_PrefabAsset: {fileID: 0}
  m_GameObject: {fileID: 1065564280852420}
  m_LocalRotation: {x: -0.6950467, y: -0.05916589, z: -0.069567956, w: 0.7131408}
  m_LocalPosition: {x: 0.0411578, y: -0.026920758, z: 0.098967105}
  m_LocalScale: {x: 1, y: 1, z: 1}
  m_Children:
  - {fileID: 4300170450988690}
  m_Father: {fileID: 4464815480391752}
  m_RootOrder: 1
  m_LocalEulerAnglesHint: {x: 0, y: 0, z: 0}
--- !u!1 &1123325014012448
GameObject:
  m_ObjectHideFlags: 0
  m_CorrespondingSourceObject: {fileID: 0}
  m_PrefabInstance: {fileID: 0}
  m_PrefabAsset: {fileID: 0}
  serializedVersion: 6
  m_Component:
  - component: {fileID: 4950124458267624}
  m_Layer: 7
  m_Name: Clavicle_L
  m_TagString: Untagged
  m_Icon: {fileID: 0}
  m_NavMeshLayer: 0
  m_StaticEditorFlags: 0
  m_IsActive: 1
--- !u!4 &4950124458267624
Transform:
  m_ObjectHideFlags: 0
  m_CorrespondingSourceObject: {fileID: 0}
  m_PrefabInstance: {fileID: 0}
  m_PrefabAsset: {fileID: 0}
  m_GameObject: {fileID: 1123325014012448}
  m_LocalRotation: {x: -0.4664043, y: 0.6181677, z: -0.4685579, w: -0.42519322}
  m_LocalPosition: {x: -0.058011726, y: -0.041914478, z: -0.07447154}
  m_LocalScale: {x: 1, y: 1, z: 1}
  m_Children:
  - {fileID: 4826258279967732}
  m_Father: {fileID: 4831351120294184}
  m_RootOrder: 0
  m_LocalEulerAnglesHint: {x: 0, y: 0, z: 0}
--- !u!1 &1159049505482904
GameObject:
  m_ObjectHideFlags: 0
  m_CorrespondingSourceObject: {fileID: 0}
  m_PrefabInstance: {fileID: 0}
  m_PrefabAsset: {fileID: 0}
  serializedVersion: 6
  m_Component:
  - component: {fileID: 4677190483288846}
  m_Layer: 7
  m_Name: IndexFinger_03 1
  m_TagString: Untagged
  m_Icon: {fileID: 0}
  m_NavMeshLayer: 0
  m_StaticEditorFlags: 0
  m_IsActive: 1
--- !u!4 &4677190483288846
Transform:
  m_ObjectHideFlags: 0
  m_CorrespondingSourceObject: {fileID: 0}
  m_PrefabInstance: {fileID: 0}
  m_PrefabAsset: {fileID: 0}
  m_GameObject: {fileID: 1159049505482904}
  m_LocalRotation: {x: 0.045039, y: 0.026054317, z: -0.07314937, w: -0.99596286}
  m_LocalPosition: {x: 0.037912123, y: 0.0000033010729, z: -0.000000048428774}
  m_LocalScale: {x: 1, y: 1, z: 1}
  m_Children:
  - {fileID: 4979738858542328}
  m_Father: {fileID: 4009415899044574}
  m_RootOrder: 0
  m_LocalEulerAnglesHint: {x: 0, y: 0, z: 0}
--- !u!1 &1166148025265182
GameObject:
  m_ObjectHideFlags: 0
  m_CorrespondingSourceObject: {fileID: 0}
  m_PrefabInstance: {fileID: 0}
  m_PrefabAsset: {fileID: 0}
  serializedVersion: 6
  m_Component:
  - component: {fileID: 4679324233743938}
  m_Layer: 7
  m_Name: IndexFinger_04
  m_TagString: Untagged
  m_Icon: {fileID: 0}
  m_NavMeshLayer: 0
  m_StaticEditorFlags: 0
  m_IsActive: 1
--- !u!4 &4679324233743938
Transform:
  m_ObjectHideFlags: 0
  m_CorrespondingSourceObject: {fileID: 0}
  m_PrefabInstance: {fileID: 0}
  m_PrefabAsset: {fileID: 0}
  m_GameObject: {fileID: 1166148025265182}
  m_LocalRotation: {x: -0.004519649, y: -0.028039929, z: -0.15906802, w: 0.986859}
  m_LocalPosition: {x: -0.03779794, y: -1.9284054e-16, z: -9.992007e-18}
  m_LocalScale: {x: 1, y: 1, z: 1}
  m_Children: []
  m_Father: {fileID: 4342641246351740}
  m_RootOrder: 0
  m_LocalEulerAnglesHint: {x: 0, y: 0, z: 0}
--- !u!1 &1204504598768236
GameObject:
  m_ObjectHideFlags: 0
  m_CorrespondingSourceObject: {fileID: 0}
  m_PrefabInstance: {fileID: 0}
  m_PrefabAsset: {fileID: 0}
  serializedVersion: 6
  m_Component:
  - component: {fileID: 4002811200470258}
  m_Layer: 7
  m_Name: Ankle_L
  m_TagString: Untagged
  m_Icon: {fileID: 0}
  m_NavMeshLayer: 0
  m_StaticEditorFlags: 0
  m_IsActive: 1
--- !u!4 &4002811200470258
Transform:
  m_ObjectHideFlags: 0
  m_CorrespondingSourceObject: {fileID: 0}
  m_PrefabInstance: {fileID: 0}
  m_PrefabAsset: {fileID: 0}
  m_GameObject: {fileID: 1204504598768236}
  m_LocalRotation: {x: 0.84127873, y: 0.5144513, z: 0.03185816, w: -0.16301845}
  m_LocalPosition: {x: 0.3771233, y: 0.00000014901161, z: -0.0000008530915}
  m_LocalScale: {x: 1, y: 1, z: 1}
  m_Children:
  - {fileID: 4260619794844126}
  m_Father: {fileID: 4300170450988690}
  m_RootOrder: 0
  m_LocalEulerAnglesHint: {x: 0, y: 0, z: 0}
--- !u!1 &1229868888143564
GameObject:
  m_ObjectHideFlags: 0
  m_CorrespondingSourceObject: {fileID: 0}
  m_PrefabInstance: {fileID: 0}
  m_PrefabAsset: {fileID: 0}
  serializedVersion: 6
  m_Component:
  - component: {fileID: 4228090524861352}
  m_Layer: 7
  m_Name: Hand_R
  m_TagString: Untagged
  m_Icon: {fileID: 0}
  m_NavMeshLayer: 0
  m_StaticEditorFlags: 0
  m_IsActive: 1
--- !u!4 &4228090524861352
Transform:
  m_ObjectHideFlags: 0
  m_CorrespondingSourceObject: {fileID: 0}
  m_PrefabInstance: {fileID: 0}
  m_PrefabAsset: {fileID: 0}
  m_GameObject: {fileID: 1229868888143564}
  m_LocalRotation: {x: -0.121531166, y: 0.16107461, z: 0.03931069, w: 0.9786418}
  m_LocalPosition: {x: 0.2711449, y: 0.000000017695129, z: 0.00038135424}
  m_LocalScale: {x: 1, y: 1, z: 1}
  m_Children:
  - {fileID: 4129909486566032}
  - {fileID: 4729507124906560}
  - {fileID: 4556852002667648}
  - {fileID: 4574146637956860456}
  m_Father: {fileID: 4606973352554480}
  m_RootOrder: 0
  m_LocalEulerAnglesHint: {x: 0, y: 0, z: 0}
--- !u!1 &1235306989065568
GameObject:
  m_ObjectHideFlags: 0
  m_CorrespondingSourceObject: {fileID: 0}
  m_PrefabInstance: {fileID: 0}
  m_PrefabAsset: {fileID: 0}
  serializedVersion: 6
  m_Component:
  - component: {fileID: 4226590422249070}
  m_Layer: 7
  m_Name: Eyebrows
  m_TagString: Untagged
  m_Icon: {fileID: 0}
  m_NavMeshLayer: 0
  m_StaticEditorFlags: 0
  m_IsActive: 1
--- !u!4 &4226590422249070
Transform:
  m_ObjectHideFlags: 0
  m_CorrespondingSourceObject: {fileID: 0}
  m_PrefabInstance: {fileID: 0}
  m_PrefabAsset: {fileID: 0}
  m_GameObject: {fileID: 1235306989065568}
  m_LocalRotation: {x: 0, y: -0, z: -0, w: 1}
  m_LocalPosition: {x: 2.5243548e-31, y: 0.1276692, z: 0.12272215}
  m_LocalScale: {x: 1, y: 1, z: 1}
  m_Children: []
  m_Father: {fileID: 4774832593398486}
  m_RootOrder: 0
  m_LocalEulerAnglesHint: {x: 0, y: 0, z: 0}
--- !u!1 &1250462065757346
GameObject:
  m_ObjectHideFlags: 0
  m_CorrespondingSourceObject: {fileID: 0}
  m_PrefabInstance: {fileID: 0}
  m_PrefabAsset: {fileID: 0}
  serializedVersion: 6
  m_Component:
  - component: {fileID: 4399798596914014}
  m_Layer: 7
  m_Name: IndexFinger_01
  m_TagString: Untagged
  m_Icon: {fileID: 0}
  m_NavMeshLayer: 0
  m_StaticEditorFlags: 0
  m_IsActive: 1
--- !u!4 &4399798596914014
Transform:
  m_ObjectHideFlags: 0
  m_CorrespondingSourceObject: {fileID: 0}
  m_PrefabInstance: {fileID: 0}
  m_PrefabAsset: {fileID: 0}
  m_GameObject: {fileID: 1250462065757346}
  m_LocalRotation: {x: 0.031822294, y: -0.14075583, z: 0.07607811, w: 0.9866039}
  m_LocalPosition: {x: -0.1039656, y: 0.003987177, z: 0.026726497}
  m_LocalScale: {x: 1, y: 1, z: 1}
  m_Children:
  - {fileID: 4774817452398014}
  m_Father: {fileID: 4753099929514778}
  m_RootOrder: 1
  m_LocalEulerAnglesHint: {x: 0, y: 0, z: 0}
--- !u!1 &1254925211337396
GameObject:
  m_ObjectHideFlags: 0
  m_CorrespondingSourceObject: {fileID: 0}
  m_PrefabInstance: {fileID: 0}
  m_PrefabAsset: {fileID: 0}
  serializedVersion: 6
  m_Component:
  - component: {fileID: 4826258279967732}
  m_Layer: 7
  m_Name: Shoulder_L
  m_TagString: Untagged
  m_Icon: {fileID: 0}
  m_NavMeshLayer: 0
  m_StaticEditorFlags: 0
  m_IsActive: 1
--- !u!4 &4826258279967732
Transform:
  m_ObjectHideFlags: 0
  m_CorrespondingSourceObject: {fileID: 0}
  m_PrefabInstance: {fileID: 0}
  m_PrefabAsset: {fileID: 0}
  m_GameObject: {fileID: 1254925211337396}
  m_LocalRotation: {x: 0.3321052, y: 0.29033414, z: 0.53492373, w: 0.7206031}
  m_LocalPosition: {x: -0.13197872, y: -0.00000005235779, z: -0.0000000062864274}
  m_LocalScale: {x: 1, y: 1, z: 1}
  m_Children:
  - {fileID: 4898386783822062}
  m_Father: {fileID: 4950124458267624}
  m_RootOrder: 0
  m_LocalEulerAnglesHint: {x: 0, y: 0, z: 0}
--- !u!1 &1262842067586412
GameObject:
  m_ObjectHideFlags: 0
  m_CorrespondingSourceObject: {fileID: 0}
  m_PrefabInstance: {fileID: 0}
  m_PrefabAsset: {fileID: 0}
  serializedVersion: 6
  m_Component:
  - component: {fileID: 4004866889742564}
  m_Layer: 7
  m_Name: Thumb_02
  m_TagString: Untagged
  m_Icon: {fileID: 0}
  m_NavMeshLayer: 0
  m_StaticEditorFlags: 0
  m_IsActive: 1
--- !u!4 &4004866889742564
Transform:
  m_ObjectHideFlags: 0
  m_CorrespondingSourceObject: {fileID: 0}
  m_PrefabInstance: {fileID: 0}
  m_PrefabAsset: {fileID: 0}
  m_GameObject: {fileID: 1262842067586412}
  m_LocalRotation: {x: -0.06186827, y: -0.2736022, z: 0.018972524, w: 0.95966357}
  m_LocalPosition: {x: -0.06370215, y: 0.00000005448237, z: -0.0000000055879354}
  m_LocalScale: {x: 1, y: 1, z: 1}
  m_Children:
  - {fileID: 4647764118167404}
  m_Father: {fileID: 4462200056049846}
  m_RootOrder: 0
  m_LocalEulerAnglesHint: {x: 0, y: 0, z: 0}
--- !u!1 &1319402864185850
GameObject:
  m_ObjectHideFlags: 0
  m_CorrespondingSourceObject: {fileID: 0}
  m_PrefabInstance: {fileID: 0}
  m_PrefabAsset: {fileID: 0}
  serializedVersion: 6
  m_Component:
  - component: {fileID: 4464815480391752}
  m_Layer: 7
  m_Name: Hips
  m_TagString: Untagged
  m_Icon: {fileID: 0}
  m_NavMeshLayer: 0
  m_StaticEditorFlags: 0
  m_IsActive: 1
--- !u!4 &4464815480391752
Transform:
  m_ObjectHideFlags: 0
  m_CorrespondingSourceObject: {fileID: 0}
  m_PrefabInstance: {fileID: 0}
  m_PrefabAsset: {fileID: 0}
  m_GameObject: {fileID: 1319402864185850}
  m_LocalRotation: {x: 0.46113664, y: -0.5360532, z: -0.46113664, w: 0.5360532}
  m_LocalPosition: {x: 0, y: 0.8762761, z: 0}
  m_LocalScale: {x: 1, y: 1, z: 1}
  m_Children:
  - {fileID: 4023169862216204}
  - {fileID: 4842468766307532}
  - {fileID: 4906076767946020}
  m_Father: {fileID: 4003549487027746}
  m_RootOrder: 0
  m_LocalEulerAnglesHint: {x: 0, y: 0, z: 0}
--- !u!1 &1350114449620414
GameObject:
  m_ObjectHideFlags: 0
  m_CorrespondingSourceObject: {fileID: 0}
  m_PrefabInstance: {fileID: 0}
  m_PrefabAsset: {fileID: 0}
  serializedVersion: 6
  m_Component:
  - component: {fileID: 4906076767946020}
  m_Layer: 7
  m_Name: UpperLeg_R
  m_TagString: Untagged
  m_Icon: {fileID: 0}
  m_NavMeshLayer: 0
  m_StaticEditorFlags: 0
  m_IsActive: 1
--- !u!4 &4906076767946020
Transform:
  m_ObjectHideFlags: 0
  m_CorrespondingSourceObject: {fileID: 0}
  m_PrefabInstance: {fileID: 0}
  m_PrefabAsset: {fileID: 0}
  m_GameObject: {fileID: 1350114449620414}
  m_LocalRotation: {x: 0.085179284, y: 0.72215796, z: -0.6843727, w: -0.053540133}
  m_LocalPosition: {x: 0.041157685, y: -0.026920708, z: -0.09896705}
  m_LocalScale: {x: 1, y: 1, z: 1}
  m_Children:
  - {fileID: 4660489587716266}
  m_Father: {fileID: 4464815480391752}
  m_RootOrder: 2
  m_LocalEulerAnglesHint: {x: 0, y: 0, z: 0}
--- !u!1 &1365061413227338
GameObject:
  m_ObjectHideFlags: 0
  m_CorrespondingSourceObject: {fileID: 0}
  m_PrefabInstance: {fileID: 0}
  m_PrefabAsset: {fileID: 0}
  serializedVersion: 6
  m_Component:
  - component: {fileID: 4113851559817490}
  m_Layer: 7
  m_Name: Clavicle_R
  m_TagString: Untagged
  m_Icon: {fileID: 0}
  m_NavMeshLayer: 0
  m_StaticEditorFlags: 0
  m_IsActive: 1
--- !u!4 &4113851559817490
Transform:
  m_ObjectHideFlags: 0
  m_CorrespondingSourceObject: {fileID: 0}
  m_PrefabInstance: {fileID: 0}
  m_PrefabAsset: {fileID: 0}
  m_GameObject: {fileID: 1365061413227338}
  m_LocalRotation: {x: 0.63627917, y: 0.4640418, z: 0.40543547, w: -0.4641511}
  m_LocalPosition: {x: -0.05801529, y: -0.04191418, z: 0.0744715}
  m_LocalScale: {x: 1, y: 1, z: 1}
  m_Children:
  - {fileID: 4724393243657008}
  m_Father: {fileID: 4831351120294184}
  m_RootOrder: 1
  m_LocalEulerAnglesHint: {x: 0, y: 0, z: 0}
--- !u!1 &1383840466323662
GameObject:
  m_ObjectHideFlags: 0
  m_CorrespondingSourceObject: {fileID: 0}
  m_PrefabInstance: {fileID: 0}
  m_PrefabAsset: {fileID: 0}
  serializedVersion: 6
  m_Component:
  - component: {fileID: 4979738858542328}
  m_Layer: 7
  m_Name: IndexFinger_04 1
  m_TagString: Untagged
  m_Icon: {fileID: 0}
  m_NavMeshLayer: 0
  m_StaticEditorFlags: 0
  m_IsActive: 1
--- !u!4 &4979738858542328
Transform:
  m_ObjectHideFlags: 0
  m_CorrespondingSourceObject: {fileID: 0}
  m_PrefabInstance: {fileID: 0}
  m_PrefabAsset: {fileID: 0}
  m_GameObject: {fileID: 1383840466323662}
  m_LocalRotation: {x: -0.004519649, y: -0.028039929, z: -0.15906802, w: 0.986859}
  m_LocalPosition: {x: 0.037793327, y: -0.0000052657088, z: -0.0000001550738}
  m_LocalScale: {x: 1, y: 1, z: 1}
  m_Children: []
  m_Father: {fileID: 4677190483288846}
  m_RootOrder: 0
  m_LocalEulerAnglesHint: {x: 0, y: 0, z: 0}
--- !u!1 &1384147825261004
GameObject:
  m_ObjectHideFlags: 0
  m_CorrespondingSourceObject: {fileID: 0}
  m_PrefabInstance: {fileID: 0}
  m_PrefabAsset: {fileID: 0}
  serializedVersion: 6
  m_Component:
  - component: {fileID: 4129909486566032}
  m_Layer: 7
  m_Name: Finger_01 1
  m_TagString: Untagged
  m_Icon: {fileID: 0}
  m_NavMeshLayer: 0
  m_StaticEditorFlags: 0
  m_IsActive: 1
--- !u!4 &4129909486566032
Transform:
  m_ObjectHideFlags: 0
  m_CorrespondingSourceObject: {fileID: 0}
  m_PrefabInstance: {fileID: 0}
  m_PrefabAsset: {fileID: 0}
  m_GameObject: {fileID: 1384147825261004}
  m_LocalRotation: {x: -0.010015822, y: 0.0030685877, z: -0.34051257, w: -0.9401817}
  m_LocalPosition: {x: 0.09982501, y: 0.001160054, z: 0.032833412}
  m_LocalScale: {x: 1, y: 1, z: 1}
  m_Children:
  - {fileID: 4041299032084260}
  m_Father: {fileID: 4228090524861352}
  m_RootOrder: 0
  m_LocalEulerAnglesHint: {x: 0, y: 0, z: 0}
--- !u!1 &1391626461658014
GameObject:
  m_ObjectHideFlags: 0
  m_CorrespondingSourceObject: {fileID: 0}
  m_PrefabInstance: {fileID: 0}
  m_PrefabAsset: {fileID: 0}
  serializedVersion: 6
  m_Component:
  - component: {fileID: 4898386783822062}
  m_Layer: 7
  m_Name: Elbow_L
  m_TagString: Untagged
  m_Icon: {fileID: 0}
  m_NavMeshLayer: 0
  m_StaticEditorFlags: 0
  m_IsActive: 1
--- !u!4 &4898386783822062
Transform:
  m_ObjectHideFlags: 0
  m_CorrespondingSourceObject: {fileID: 0}
  m_PrefabInstance: {fileID: 0}
  m_PrefabAsset: {fileID: 0}
  m_GameObject: {fileID: 1391626461658014}
  m_LocalRotation: {x: -0.08554208, y: 0.016671747, z: -0.014407314, w: 0.9960909}
  m_LocalPosition: {x: -0.33947405, y: -0.0014491224, z: -0.0014362674}
  m_LocalScale: {x: 1, y: 1, z: 1}
  m_Children:
  - {fileID: 4753099929514778}
  m_Father: {fileID: 4826258279967732}
  m_RootOrder: 0
  m_LocalEulerAnglesHint: {x: 0, y: 0, z: 0}
--- !u!1 &1396010320282272
GameObject:
  m_ObjectHideFlags: 0
  m_CorrespondingSourceObject: {fileID: 0}
  m_PrefabInstance: {fileID: 0}
  m_PrefabAsset: {fileID: 0}
  serializedVersion: 6
  m_Component:
  - component: {fileID: 4260619794844126}
  m_Layer: 7
  m_Name: Ball_L
  m_TagString: Untagged
  m_Icon: {fileID: 0}
  m_NavMeshLayer: 0
  m_StaticEditorFlags: 0
  m_IsActive: 1
--- !u!4 &4260619794844126
Transform:
  m_ObjectHideFlags: 0
  m_CorrespondingSourceObject: {fileID: 0}
  m_PrefabInstance: {fileID: 0}
  m_PrefabAsset: {fileID: 0}
  m_GameObject: {fileID: 1396010320282272}
  m_LocalRotation: {x: -8.073382e-10, y: 0.000000009290668, z: -0.31116545, w: 0.95035577}
  m_LocalPosition: {x: 0.11284034, y: -0.000000018626451, z: -0.000000007450581}
  m_LocalScale: {x: 1, y: 1, z: 1}
  m_Children:
  - {fileID: 4771740284137824}
  m_Father: {fileID: 4002811200470258}
  m_RootOrder: 0
  m_LocalEulerAnglesHint: {x: 0, y: 0, z: 0}
--- !u!1 &1408754318769878
GameObject:
  m_ObjectHideFlags: 0
  m_CorrespondingSourceObject: {fileID: 0}
  m_PrefabInstance: {fileID: 0}
  m_PrefabAsset: {fileID: 0}
  serializedVersion: 6
  m_Component:
  - component: {fileID: 4660489587716266}
  m_Layer: 7
  m_Name: LowerLeg_R
  m_TagString: Untagged
  m_Icon: {fileID: 0}
  m_NavMeshLayer: 0
  m_StaticEditorFlags: 0
  m_IsActive: 1
--- !u!4 &4660489587716266
Transform:
  m_ObjectHideFlags: 0
  m_CorrespondingSourceObject: {fileID: 0}
  m_PrefabInstance: {fileID: 0}
  m_PrefabAsset: {fileID: 0}
  m_GameObject: {fileID: 1408754318769878}
  m_LocalRotation: {x: 0.7100589, y: 0.055816814, z: -0.040872496, w: 0.70073557}
  m_LocalPosition: {x: -0.39930907, y: 0.000000059604645, z: 1.2738255e-10}
  m_LocalScale: {x: 1, y: 1, z: 1}
  m_Children:
  - {fileID: 4381753368324324}
  m_Father: {fileID: 4906076767946020}
  m_RootOrder: 0
  m_LocalEulerAnglesHint: {x: 0, y: 0, z: 0}
--- !u!1 &1454370189828376
GameObject:
  m_ObjectHideFlags: 0
  m_CorrespondingSourceObject: {fileID: 0}
  m_PrefabInstance: {fileID: 0}
  m_PrefabAsset: {fileID: 0}
  serializedVersion: 6
  m_Component:
  - component: {fileID: 4381753368324324}
  m_Layer: 7
  m_Name: Ankle_R
  m_TagString: Untagged
  m_Icon: {fileID: 0}
  m_NavMeshLayer: 0
  m_StaticEditorFlags: 0
  m_IsActive: 1
--- !u!4 &4381753368324324
Transform:
  m_ObjectHideFlags: 0
  m_CorrespondingSourceObject: {fileID: 0}
  m_PrefabInstance: {fileID: 0}
  m_PrefabAsset: {fileID: 0}
  m_GameObject: {fileID: 1454370189828376}
  m_LocalRotation: {x: 0.82241625, y: 0.5301971, z: 0.09256086, w: -0.1842692}
  m_LocalPosition: {x: -0.37712362, y: 0.00000008940697, z: -0.0000000055879354}
  m_LocalScale: {x: 1, y: 1, z: 1}
  m_Children:
  - {fileID: 4588199559801490}
  m_Father: {fileID: 4660489587716266}
  m_RootOrder: 0
  m_LocalEulerAnglesHint: {x: 0, y: 0, z: 0}
--- !u!1 &1467251268735554
GameObject:
  m_ObjectHideFlags: 0
  m_CorrespondingSourceObject: {fileID: 0}
  m_PrefabInstance: {fileID: 0}
  m_PrefabAsset: {fileID: 0}
  serializedVersion: 6
  m_Component:
  - component: {fileID: 4023169862216204}
  m_Layer: 7
  m_Name: Spine_01
  m_TagString: Untagged
  m_Icon: {fileID: 0}
  m_NavMeshLayer: 0
  m_StaticEditorFlags: 0
  m_IsActive: 1
--- !u!4 &4023169862216204
Transform:
  m_ObjectHideFlags: 0
  m_CorrespondingSourceObject: {fileID: 0}
  m_PrefabInstance: {fileID: 0}
  m_PrefabAsset: {fileID: 0}
  m_GameObject: {fileID: 1467251268735554}
  m_LocalRotation: {x: 0.9913954, y: -0.12858257, z: 0.021563739, w: -0.011694651}
  m_LocalPosition: {x: -0.10393268, y: 0, z: 0}
  m_LocalScale: {x: 1, y: 1, z: 1}
  m_Children:
  - {fileID: 4061510413840076}
  m_Father: {fileID: 4464815480391752}
  m_RootOrder: 0
  m_LocalEulerAnglesHint: {x: 0, y: 0, z: 0}
--- !u!1 &1491200797550112
GameObject:
  m_ObjectHideFlags: 0
  m_CorrespondingSourceObject: {fileID: 0}
  m_PrefabInstance: {fileID: 0}
  m_PrefabAsset: {fileID: 0}
  serializedVersion: 6
  m_Component:
  - component: {fileID: 4342641246351740}
  m_Layer: 7
  m_Name: IndexFinger_03
  m_TagString: Untagged
  m_Icon: {fileID: 0}
  m_NavMeshLayer: 0
  m_StaticEditorFlags: 0
  m_IsActive: 1
--- !u!4 &4342641246351740
Transform:
  m_ObjectHideFlags: 0
  m_CorrespondingSourceObject: {fileID: 0}
  m_PrefabInstance: {fileID: 0}
  m_PrefabAsset: {fileID: 0}
  m_GameObject: {fileID: 1491200797550112}
  m_LocalRotation: {x: -0.04504145, y: -0.026033571, z: 0.0728819, w: 0.9959828}
  m_LocalPosition: {x: -0.03791188, y: -0.0000000047220965, z: 0.0000000015097612}
  m_LocalScale: {x: 1, y: 1, z: 1}
  m_Children:
  - {fileID: 4679324233743938}
  m_Father: {fileID: 4774817452398014}
  m_RootOrder: 0
  m_LocalEulerAnglesHint: {x: 0, y: 0, z: 0}
--- !u!1 &1492352555855718
GameObject:
  m_ObjectHideFlags: 0
  m_CorrespondingSourceObject: {fileID: 0}
  m_PrefabInstance: {fileID: 0}
  m_PrefabAsset: {fileID: 0}
  serializedVersion: 6
  m_Component:
  - component: {fileID: 4599720690659914}
  - component: {fileID: 95224720603893012}
  - component: {fileID: 5610008761554358526}
  m_Layer: 7
  m_Name: YiffeModel
  m_TagString: Untagged
  m_Icon: {fileID: 0}
  m_NavMeshLayer: 0
  m_StaticEditorFlags: 0
  m_IsActive: 1
--- !u!4 &4599720690659914
Transform:
  m_ObjectHideFlags: 0
  m_CorrespondingSourceObject: {fileID: 0}
  m_PrefabInstance: {fileID: 0}
  m_PrefabAsset: {fileID: 0}
  m_GameObject: {fileID: 1492352555855718}
  m_LocalRotation: {x: 0, y: 0, z: 0, w: 1}
  m_LocalPosition: {x: 0, y: 0, z: 0}
  m_LocalScale: {x: 1.4, y: 1.4, z: 1.4}
  m_Children:
  - {fileID: 4003549487027746}
  - {fileID: 4314782960791738}
  m_Father: {fileID: 0}
  m_RootOrder: 0
  m_LocalEulerAnglesHint: {x: 0, y: 0, z: 0}
--- !u!95 &95224720603893012
Animator:
  serializedVersion: 3
  m_ObjectHideFlags: 0
  m_CorrespondingSourceObject: {fileID: 0}
  m_PrefabInstance: {fileID: 0}
  m_PrefabAsset: {fileID: 0}
  m_GameObject: {fileID: 1492352555855718}
  m_Enabled: 1
  m_Avatar: {fileID: 9000000, guid: 9d545e43681431348908eab98e78aa45, type: 3}
  m_Controller: {fileID: 22100000, guid: afc116c1139ccf14ebfa8018151b5b20, type: 2}
  m_CullingMode: 1
  m_UpdateMode: 0
  m_ApplyRootMotion: 0
  m_LinearVelocityBlending: 0
  m_WarningMessage: 
  m_HasTransformHierarchy: 1
  m_AllowConstantClipSamplingOptimization: 1
  m_KeepAnimatorControllerStateOnDisable: 0
--- !u!114 &5610008761554358526
MonoBehaviour:
  m_ObjectHideFlags: 0
  m_CorrespondingSourceObject: {fileID: 0}
  m_PrefabInstance: {fileID: 0}
  m_PrefabAsset: {fileID: 0}
  m_GameObject: {fileID: 1492352555855718}
  m_Enabled: 1
  m_EditorHideFlags: 0
  m_Script: {fileID: 11500000, guid: 8efc6b1d64977384eb3405357896c656, type: 3}
  m_Name: 
  m_EditorClassIdentifier: 
  m_PositionModel:
    SynchronizeEnabled: 0
    TeleportEnabled: 1
    TeleportIfDistanceGreaterThan: 3
    InterpolateOption: 2
    InterpolateMoveTowardsSpeed: 1
    InterpolateLerpSpeed: 1
    ExtrapolateOption: 0
    ExtrapolateSpeed: 1
    ExtrapolateIncludingRoundTripTime: 1
    ExtrapolateNumberOfStoredPositions: 1
  m_RotationModel:
    SynchronizeEnabled: 1
    InterpolateOption: 0
    InterpolateRotateTowardsSpeed: 180
    InterpolateLerpSpeed: 5
  m_ScaleModel:
    SynchronizeEnabled: 0
    InterpolateOption: 0
    InterpolateMoveTowardsSpeed: 1
    InterpolateLerpSpeed: 0
--- !u!1 &1499516093161262
GameObject:
  m_ObjectHideFlags: 0
  m_CorrespondingSourceObject: {fileID: 0}
  m_PrefabInstance: {fileID: 0}
  m_PrefabAsset: {fileID: 0}
  serializedVersion: 6
  m_Component:
  - component: {fileID: 4300170450988690}
  m_Layer: 7
  m_Name: LowerLeg_L
  m_TagString: Untagged
  m_Icon: {fileID: 0}
  m_NavMeshLayer: 0
  m_StaticEditorFlags: 0
  m_IsActive: 1
--- !u!4 &4300170450988690
Transform:
  m_ObjectHideFlags: 0
  m_CorrespondingSourceObject: {fileID: 0}
  m_PrefabInstance: {fileID: 0}
  m_PrefabAsset: {fileID: 0}
  m_GameObject: {fileID: 1499516093161262}
  m_LocalRotation: {x: 0.68361366, y: 0.11224749, z: -0.09112299, w: 0.71538067}
  m_LocalPosition: {x: 0.39930925, y: -0.00000035762787, z: -1.2739676e-10}
  m_LocalScale: {x: 1, y: 1, z: 1}
  m_Children:
  - {fileID: 4002811200470258}
  m_Father: {fileID: 4842468766307532}
  m_RootOrder: 0
  m_LocalEulerAnglesHint: {x: 0, y: 0, z: 0}
--- !u!1 &1501658550118570
GameObject:
  m_ObjectHideFlags: 0
  m_CorrespondingSourceObject: {fileID: 0}
  m_PrefabInstance: {fileID: 0}
  m_PrefabAsset: {fileID: 0}
  serializedVersion: 6
  m_Component:
  - component: {fileID: 4365781113527592}
  m_Layer: 7
  m_Name: Finger_04
  m_TagString: Untagged
  m_Icon: {fileID: 0}
  m_NavMeshLayer: 0
  m_StaticEditorFlags: 0
  m_IsActive: 1
--- !u!4 &4365781113527592
Transform:
  m_ObjectHideFlags: 0
  m_CorrespondingSourceObject: {fileID: 0}
  m_PrefabInstance: {fileID: 0}
  m_PrefabAsset: {fileID: 0}
  m_GameObject: {fileID: 1501658550118570}
  m_LocalRotation: {x: 0.01664637, y: 0.096525334, z: -0.16913006, w: 0.98071444}
  m_LocalPosition: {x: -0.030032393, y: 2.126771e-16, z: -1.110223e-18}
  m_LocalScale: {x: 1, y: 1, z: 1}
  m_Children: []
  m_Father: {fileID: 4476084519078538}
  m_RootOrder: 0
  m_LocalEulerAnglesHint: {x: 0, y: 0, z: 0}
--- !u!1 &1505238863261372
GameObject:
  m_ObjectHideFlags: 0
  m_CorrespondingSourceObject: {fileID: 0}
  m_PrefabInstance: {fileID: 0}
  m_PrefabAsset: {fileID: 0}
  serializedVersion: 6
  m_Component:
  - component: {fileID: 4078689169378712}
  m_Layer: 7
  m_Name: Finger_04 1
  m_TagString: Untagged
  m_Icon: {fileID: 0}
  m_NavMeshLayer: 0
  m_StaticEditorFlags: 0
  m_IsActive: 1
--- !u!4 &4078689169378712
Transform:
  m_ObjectHideFlags: 0
  m_CorrespondingSourceObject: {fileID: 0}
  m_PrefabInstance: {fileID: 0}
  m_PrefabAsset: {fileID: 0}
  m_GameObject: {fileID: 1505238863261372}
  m_LocalRotation: {x: 0.01664637, y: 0.096525334, z: -0.16913006, w: 0.98071444}
  m_LocalPosition: {x: 0.03003113, y: 0.0000011334713, z: 0.0000003591099}
  m_LocalScale: {x: 1, y: 1, z: 1}
  m_Children: []
  m_Father: {fileID: 4049147652273238}
  m_RootOrder: 0
  m_LocalEulerAnglesHint: {x: 0, y: 0, z: 0}
--- !u!1 &1507890267220560
GameObject:
  m_ObjectHideFlags: 0
  m_CorrespondingSourceObject: {fileID: 0}
  m_PrefabInstance: {fileID: 0}
  m_PrefabAsset: {fileID: 0}
  serializedVersion: 6
  m_Component:
  - component: {fileID: 4900650288497166}
  m_Layer: 7
  m_Name: Thumb_02 1
  m_TagString: Untagged
  m_Icon: {fileID: 0}
  m_NavMeshLayer: 0
  m_StaticEditorFlags: 0
  m_IsActive: 1
--- !u!4 &4900650288497166
Transform:
  m_ObjectHideFlags: 0
  m_CorrespondingSourceObject: {fileID: 0}
  m_PrefabInstance: {fileID: 0}
  m_PrefabAsset: {fileID: 0}
  m_GameObject: {fileID: 1507890267220560}
  m_LocalRotation: {x: 0.060402356, y: 0.30920592, z: -0.01867087, w: -0.9488913}
  m_LocalPosition: {x: 0.063701466, y: -0.000007799827, z: 0.0000004172325}
  m_LocalScale: {x: 1, y: 1, z: 1}
  m_Children:
  - {fileID: 4938630710363830}
  m_Father: {fileID: 4556852002667648}
  m_RootOrder: 0
  m_LocalEulerAnglesHint: {x: 0, y: 0, z: 0}
--- !u!1 &1511497335667368
GameObject:
  m_ObjectHideFlags: 0
  m_CorrespondingSourceObject: {fileID: 0}
  m_PrefabInstance: {fileID: 0}
  m_PrefabAsset: {fileID: 0}
  serializedVersion: 6
  m_Component:
  - component: {fileID: 4476084519078538}
  m_Layer: 7
  m_Name: Finger_03
  m_TagString: Untagged
  m_Icon: {fileID: 0}
  m_NavMeshLayer: 0
  m_StaticEditorFlags: 0
  m_IsActive: 1
--- !u!4 &4476084519078538
Transform:
  m_ObjectHideFlags: 0
  m_CorrespondingSourceObject: {fileID: 0}
  m_PrefabInstance: {fileID: 0}
  m_PrefabAsset: {fileID: 0}
  m_GameObject: {fileID: 1511497335667368}
  m_LocalRotation: {x: 0.0034787033, y: -0.028703883, z: 0.34084025, w: 0.9396765}
  m_LocalPosition: {x: -0.03513328, y: 0.00000003955938, z: -3.6561687e-10}
  m_LocalScale: {x: 1, y: 1, z: 1}
  m_Children:
  - {fileID: 4365781113527592}
  m_Father: {fileID: 4274801939823330}
  m_RootOrder: 0
  m_LocalEulerAnglesHint: {x: 0, y: 0, z: 0}
--- !u!1 &1520511090962176
GameObject:
  m_ObjectHideFlags: 0
  m_CorrespondingSourceObject: {fileID: 0}
  m_PrefabInstance: {fileID: 0}
  m_PrefabAsset: {fileID: 0}
  serializedVersion: 6
  m_Component:
  - component: {fileID: 4724393243657008}
  m_Layer: 7
  m_Name: Shoulder_R
  m_TagString: Untagged
  m_Icon: {fileID: 0}
  m_NavMeshLayer: 0
  m_StaticEditorFlags: 0
  m_IsActive: 1
--- !u!4 &4724393243657008
Transform:
  m_ObjectHideFlags: 0
  m_CorrespondingSourceObject: {fileID: 0}
  m_PrefabInstance: {fileID: 0}
  m_PrefabAsset: {fileID: 0}
  m_GameObject: {fileID: 1520511090962176}
  m_LocalRotation: {x: 0.3504079, y: 0.289826, z: 0.47100636, w: 0.75588906}
  m_LocalPosition: {x: 0.1319786, y: 0.0000065022614, z: 0.000000037252903}
  m_LocalScale: {x: 1, y: 1, z: 1}
  m_Children:
  - {fileID: 4606973352554480}
  m_Father: {fileID: 4113851559817490}
  m_RootOrder: 0
  m_LocalEulerAnglesHint: {x: 0, y: 0, z: 0}
--- !u!1 &1572731664757050
GameObject:
  m_ObjectHideFlags: 0
  m_CorrespondingSourceObject: {fileID: 0}
  m_PrefabInstance: {fileID: 0}
  m_PrefabAsset: {fileID: 0}
  serializedVersion: 6
  m_Component:
  - component: {fileID: 4831351120294184}
  m_Layer: 7
  m_Name: Spine_03
  m_TagString: Untagged
  m_Icon: {fileID: 0}
  m_NavMeshLayer: 0
  m_StaticEditorFlags: 0
  m_IsActive: 1
--- !u!4 &4831351120294184
Transform:
  m_ObjectHideFlags: 0
  m_CorrespondingSourceObject: {fileID: 0}
  m_PrefabInstance: {fileID: 0}
  m_PrefabAsset: {fileID: 0}
  m_GameObject: {fileID: 1572731664757050}
  m_LocalRotation: {x: 0.9925692, y: -0.120881066, z: 0.013705767, w: -0.0025391197}
  m_LocalPosition: {x: -0.17903721, y: -0.000000014901161, z: 0}
  m_LocalScale: {x: 1, y: 1, z: 1}
  m_Children:
  - {fileID: 4950124458267624}
  - {fileID: 4113851559817490}
  - {fileID: 4427768377708198}
  m_Father: {fileID: 4061510413840076}
  m_RootOrder: 0
  m_LocalEulerAnglesHint: {x: 0, y: 0, z: 0}
--- !u!1 &1619686544612008
GameObject:
  m_ObjectHideFlags: 0
  m_CorrespondingSourceObject: {fileID: 0}
  m_PrefabInstance: {fileID: 0}
  m_PrefabAsset: {fileID: 0}
  serializedVersion: 6
  m_Component:
  - component: {fileID: 4003549487027746}
  m_Layer: 7
  m_Name: Root
  m_TagString: Untagged
  m_Icon: {fileID: 0}
  m_NavMeshLayer: 0
  m_StaticEditorFlags: 0
  m_IsActive: 1
--- !u!4 &4003549487027746
Transform:
  m_ObjectHideFlags: 0
  m_CorrespondingSourceObject: {fileID: 0}
  m_PrefabInstance: {fileID: 0}
  m_PrefabAsset: {fileID: 0}
  m_GameObject: {fileID: 1619686544612008}
  m_LocalRotation: {x: -0.032430265, y: 0.0073575242, z: 0.026747677, w: 0.999089}
  m_LocalPosition: {x: 0.05471585, y: -0.00016731024, z: 0.06367598}
  m_LocalScale: {x: 1, y: 1, z: 1}
  m_Children:
  - {fileID: 4464815480391752}
  m_Father: {fileID: 4599720690659914}
  m_RootOrder: 0
  m_LocalEulerAnglesHint: {x: 0, y: 0, z: 0}
--- !u!1 &1657749562366522
GameObject:
  m_ObjectHideFlags: 0
  m_CorrespondingSourceObject: {fileID: 0}
  m_PrefabInstance: {fileID: 0}
  m_PrefabAsset: {fileID: 0}
  serializedVersion: 6
  m_Component:
  - component: {fileID: 4009415899044574}
  m_Layer: 7
  m_Name: IndexFinger_02 1
  m_TagString: Untagged
  m_Icon: {fileID: 0}
  m_NavMeshLayer: 0
  m_StaticEditorFlags: 0
  m_IsActive: 1
--- !u!4 &4009415899044574
Transform:
  m_ObjectHideFlags: 0
  m_CorrespondingSourceObject: {fileID: 0}
  m_PrefabInstance: {fileID: 0}
  m_PrefabAsset: {fileID: 0}
  m_GameObject: {fileID: 1657749562366522}
  m_LocalRotation: {x: 0.040471632, y: 0.011970046, z: -0.15207754, w: -0.9874671}
  m_LocalPosition: {x: 0.040935885, y: 0.0000009301584, z: -0.000000055879354}
  m_LocalScale: {x: 1, y: 1, z: 1}
  m_Children:
  - {fileID: 4677190483288846}
  m_Father: {fileID: 4729507124906560}
  m_RootOrder: 0
  m_LocalEulerAnglesHint: {x: 0, y: 0, z: 0}
--- !u!1 &1663723432169988
GameObject:
  m_ObjectHideFlags: 0
  m_CorrespondingSourceObject: {fileID: 0}
  m_PrefabInstance: {fileID: 0}
  m_PrefabAsset: {fileID: 0}
  serializedVersion: 6
  m_Component:
  - component: {fileID: 4647764118167404}
  m_Layer: 7
  m_Name: Thumb_03
  m_TagString: Untagged
  m_Icon: {fileID: 0}
  m_NavMeshLayer: 0
  m_StaticEditorFlags: 0
  m_IsActive: 1
--- !u!4 &4647764118167404
Transform:
  m_ObjectHideFlags: 0
  m_CorrespondingSourceObject: {fileID: 0}
  m_PrefabInstance: {fileID: 0}
  m_PrefabAsset: {fileID: 0}
  m_GameObject: {fileID: 1663723432169988}
  m_LocalRotation: {x: -0.06525279, y: -0.15822366, z: -0.23098002, w: 0.95778686}
  m_LocalPosition: {x: -0.056655698, y: 0.000000004307367, z: 0.0000000023283064}
  m_LocalScale: {x: 1, y: 1, z: 1}
  m_Children: []
  m_Father: {fileID: 4004866889742564}
  m_RootOrder: 0
  m_LocalEulerAnglesHint: {x: 0, y: 0, z: 0}
--- !u!1 &1669574239933144
GameObject:
  m_ObjectHideFlags: 0
  m_CorrespondingSourceObject: {fileID: 0}
  m_PrefabInstance: {fileID: 0}
  m_PrefabAsset: {fileID: 0}
  serializedVersion: 6
  m_Component:
  - component: {fileID: 4854316306349286}
  m_Layer: 7
  m_Name: Jaw
  m_TagString: Untagged
  m_Icon: {fileID: 0}
  m_NavMeshLayer: 0
  m_StaticEditorFlags: 0
  m_IsActive: 1
--- !u!4 &4854316306349286
Transform:
  m_ObjectHideFlags: 0
  m_CorrespondingSourceObject: {fileID: 0}
  m_PrefabInstance: {fileID: 0}
  m_PrefabAsset: {fileID: 0}
  m_GameObject: {fileID: 1669574239933144}
  m_LocalRotation: {x: 0, y: -0, z: -0, w: 1}
  m_LocalPosition: {x: -0.000045919798, y: 0.06247511, z: 0.02164003}
  m_LocalScale: {x: 1, y: 1, z: 1}
  m_Children: []
  m_Father: {fileID: 4774832593398486}
  m_RootOrder: 2
  m_LocalEulerAnglesHint: {x: 0, y: 0, z: 0}
--- !u!1 &1703513798127340
GameObject:
  m_ObjectHideFlags: 0
  m_CorrespondingSourceObject: {fileID: 0}
  m_PrefabInstance: {fileID: 0}
  m_PrefabAsset: {fileID: 0}
  serializedVersion: 6
  m_Component:
  - component: {fileID: 4774832593398486}
  m_Layer: 7
  m_Name: Head
  m_TagString: Untagged
  m_Icon: {fileID: 0}
  m_NavMeshLayer: 0
  m_StaticEditorFlags: 0
  m_IsActive: 1
--- !u!4 &4774832593398486
Transform:
  m_ObjectHideFlags: 0
  m_CorrespondingSourceObject: {fileID: 0}
  m_PrefabInstance: {fileID: 0}
  m_PrefabAsset: {fileID: 0}
  m_GameObject: {fileID: 1703513798127340}
  m_LocalRotation: {x: 0.48619878, y: -0.5125804, z: 0.4826209, w: 0.517638}
  m_LocalPosition: {x: -0.12164436, y: -0.000000014901161, z: 0.000000013038516}
  m_LocalScale: {x: 1, y: 1, z: 1}
  m_Children:
  - {fileID: 4226590422249070}
  - {fileID: 4548077118448548}
  - {fileID: 4854316306349286}
  m_Father: {fileID: 4427768377708198}
  m_RootOrder: 0
  m_LocalEulerAnglesHint: {x: 0, y: 0, z: 0}
--- !u!1 &1737885977073694
GameObject:
  m_ObjectHideFlags: 0
  m_CorrespondingSourceObject: {fileID: 0}
  m_PrefabInstance: {fileID: 0}
  m_PrefabAsset: {fileID: 0}
  serializedVersion: 6
  m_Component:
  - component: {fileID: 4753099929514778}
  m_Layer: 7
  m_Name: Hand_L
  m_TagString: Untagged
  m_Icon: {fileID: 0}
  m_NavMeshLayer: 0
  m_StaticEditorFlags: 0
  m_IsActive: 1
--- !u!4 &4753099929514778
Transform:
  m_ObjectHideFlags: 0
  m_CorrespondingSourceObject: {fileID: 0}
  m_PrefabInstance: {fileID: 0}
  m_PrefabAsset: {fileID: 0}
  m_GameObject: {fileID: 1737885977073694}
  m_LocalRotation: {x: -0.19244127, y: 0.17382643, z: 0.021097496, w: 0.9655598}
  m_LocalPosition: {x: -0.2711453, y: 0.000000007581548, z: -0.00038136635}
  m_LocalScale: {x: 1, y: 1, z: 1}
  m_Children:
  - {fileID: 4515569436644034}
  - {fileID: 4399798596914014}
  - {fileID: 4462200056049846}
  m_Father: {fileID: 4898386783822062}
  m_RootOrder: 0
  m_LocalEulerAnglesHint: {x: 0, y: 0, z: 0}
--- !u!1 &1750275274978494
GameObject:
  m_ObjectHideFlags: 0
  m_CorrespondingSourceObject: {fileID: 0}
  m_PrefabInstance: {fileID: 0}
  m_PrefabAsset: {fileID: 0}
  serializedVersion: 6
  m_Component:
  - component: {fileID: 4556852002667648}
  m_Layer: 7
  m_Name: Thumb_01 1
  m_TagString: Untagged
  m_Icon: {fileID: 0}
  m_NavMeshLayer: 0
  m_StaticEditorFlags: 0
  m_IsActive: 1
--- !u!4 &4556852002667648
Transform:
  m_ObjectHideFlags: 0
  m_CorrespondingSourceObject: {fileID: 0}
  m_PrefabInstance: {fileID: 0}
  m_PrefabAsset: {fileID: 0}
  m_GameObject: {fileID: 1750275274978494}
  m_LocalRotation: {x: -0.036025576, y: -0.11433796, z: -0.17189564, w: -0.97779393}
  m_LocalPosition: {x: 0.03514003, y: 0.011709999, z: -0.045055404}
  m_LocalScale: {x: 1, y: 1, z: 1}
  m_Children:
  - {fileID: 4900650288497166}
  m_Father: {fileID: 4228090524861352}
  m_RootOrder: 2
  m_LocalEulerAnglesHint: {x: 0, y: 0, z: 0}
--- !u!1 &1762880621144900
GameObject:
  m_ObjectHideFlags: 0
  m_CorrespondingSourceObject: {fileID: 0}
  m_PrefabInstance: {fileID: 0}
  m_PrefabAsset: {fileID: 0}
  serializedVersion: 6
  m_Component:
  - component: {fileID: 4548077118448548}
  m_Layer: 7
  m_Name: Eyes
  m_TagString: Untagged
  m_Icon: {fileID: 0}
  m_NavMeshLayer: 0
  m_StaticEditorFlags: 0
  m_IsActive: 1
--- !u!4 &4548077118448548
Transform:
  m_ObjectHideFlags: 0
  m_CorrespondingSourceObject: {fileID: 0}
  m_PrefabInstance: {fileID: 0}
  m_PrefabAsset: {fileID: 0}
  m_GameObject: {fileID: 1762880621144900}
  m_LocalRotation: {x: 0, y: -0, z: -0, w: 1}
  m_LocalPosition: {x: -2.0510383e-31, y: 0.09447606, z: 0.12272215}
  m_LocalScale: {x: 1, y: 1, z: 1}
  m_Children: []
  m_Father: {fileID: 4774832593398486}
  m_RootOrder: 1
  m_LocalEulerAnglesHint: {x: 0, y: 0, z: 0}
--- !u!1 &1792061784577944
GameObject:
  m_ObjectHideFlags: 0
  m_CorrespondingSourceObject: {fileID: 0}
  m_PrefabInstance: {fileID: 0}
  m_PrefabAsset: {fileID: 0}
  serializedVersion: 6
  m_Component:
  - component: {fileID: 4314782960791738}
  - component: {fileID: 137878009920711660}
  m_Layer: 7
  m_Name: SM_Chr_FortuneTeller_01
  m_TagString: Untagged
  m_Icon: {fileID: 0}
  m_NavMeshLayer: 0
  m_StaticEditorFlags: 0
  m_IsActive: 1
--- !u!4 &4314782960791738
Transform:
  m_ObjectHideFlags: 0
  m_CorrespondingSourceObject: {fileID: 0}
  m_PrefabInstance: {fileID: 0}
  m_PrefabAsset: {fileID: 0}
  m_GameObject: {fileID: 1792061784577944}
  m_LocalRotation: {x: 0, y: -0, z: -0, w: 1}
  m_LocalPosition: {x: -0, y: 0, z: -0.015452284}
  m_LocalScale: {x: 1, y: 1, z: 1}
  m_Children: []
  m_Father: {fileID: 4599720690659914}
  m_RootOrder: 1
  m_LocalEulerAnglesHint: {x: 0, y: 0, z: 0}
--- !u!137 &137878009920711660
SkinnedMeshRenderer:
  m_ObjectHideFlags: 0
  m_CorrespondingSourceObject: {fileID: 0}
  m_PrefabInstance: {fileID: 0}
  m_PrefabAsset: {fileID: 0}
  m_GameObject: {fileID: 1792061784577944}
  m_Enabled: 1
  m_CastShadows: 1
  m_ReceiveShadows: 1
  m_DynamicOccludee: 1
  m_MotionVectors: 1
  m_LightProbeUsage: 1
  m_ReflectionProbeUsage: 1
  m_RayTracingMode: 3
  m_RayTraceProcedural: 0
  m_RenderingLayerMask: 1
  m_RendererPriority: 0
  m_Materials:
  - {fileID: 2100000, guid: 71e41e43b459a244abaf5acca76b89ee, type: 2}
  m_StaticBatchInfo:
    firstSubMesh: 0
    subMeshCount: 0
  m_StaticBatchRoot: {fileID: 0}
  m_ProbeAnchor: {fileID: 0}
  m_LightProbeVolumeOverride: {fileID: 0}
  m_ScaleInLightmap: 1
  m_ReceiveGI: 1
  m_PreserveUVs: 0
  m_IgnoreNormalsForChartDetection: 0
  m_ImportantGI: 0
  m_StitchLightmapSeams: 1
  m_SelectedEditorRenderState: 3
  m_MinimumChartSize: 4
  m_AutoUVMaxDistance: 0.5
  m_AutoUVMaxAngle: 89
  m_LightmapParameters: {fileID: 0}
  m_SortingLayerID: 0
  m_SortingLayer: 0
  m_SortingOrder: 0
  serializedVersion: 2
  m_Quality: 0
  m_UpdateWhenOffscreen: 0
  m_SkinnedMotionVectors: 1
  m_Mesh: {fileID: 4300028, guid: 9d545e43681431348908eab98e78aa45, type: 3}
  m_Bones:
  - {fileID: 4003549487027746}
  - {fileID: 4464815480391752}
  - {fileID: 4023169862216204}
  - {fileID: 4061510413840076}
  - {fileID: 4831351120294184}
  - {fileID: 4427768377708198}
  - {fileID: 4774832593398486}
  - {fileID: 4548077118448548}
  - {fileID: 4226590422249070}
  - {fileID: 4854316306349286}
  - {fileID: 4950124458267624}
  - {fileID: 4826258279967732}
  - {fileID: 4898386783822062}
  - {fileID: 4753099929514778}
  - {fileID: 4462200056049846}
  - {fileID: 4004866889742564}
  - {fileID: 4647764118167404}
  - {fileID: 4399798596914014}
  - {fileID: 4774817452398014}
  - {fileID: 4342641246351740}
  - {fileID: 4679324233743938}
  - {fileID: 4515569436644034}
  - {fileID: 4274801939823330}
  - {fileID: 4476084519078538}
  - {fileID: 4365781113527592}
  - {fileID: 4113851559817490}
  - {fileID: 4724393243657008}
  - {fileID: 4606973352554480}
  - {fileID: 4228090524861352}
  - {fileID: 4556852002667648}
  - {fileID: 4900650288497166}
  - {fileID: 4938630710363830}
  - {fileID: 4729507124906560}
  - {fileID: 4009415899044574}
  - {fileID: 4677190483288846}
  - {fileID: 4979738858542328}
  - {fileID: 4129909486566032}
  - {fileID: 4041299032084260}
  - {fileID: 4049147652273238}
  - {fileID: 4078689169378712}
  - {fileID: 4906076767946020}
  - {fileID: 4660489587716266}
  - {fileID: 4381753368324324}
  - {fileID: 4588199559801490}
  - {fileID: 4263807880448474}
  - {fileID: 4842468766307532}
  - {fileID: 4300170450988690}
  - {fileID: 4002811200470258}
  - {fileID: 4260619794844126}
  - {fileID: 4771740284137824}
  m_BlendShapeWeights: []
  m_RootBone: {fileID: 4003549487027746}
  m_AABB:
    m_Center: {x: 0.00000011920929, y: 0.84095895, z: -0.07776132}
    m_Extent: {x: 1.0252012, y: 0.9673089, z: 0.3078015}
  m_DirtyAABB: 0
--- !u!1 &1815847066984660
GameObject:
  m_ObjectHideFlags: 0
  m_CorrespondingSourceObject: {fileID: 0}
  m_PrefabInstance: {fileID: 0}
  m_PrefabAsset: {fileID: 0}
  serializedVersion: 6
  m_Component:
  - component: {fileID: 4606973352554480}
  m_Layer: 7
  m_Name: Elbow_R
  m_TagString: Untagged
  m_Icon: {fileID: 0}
  m_NavMeshLayer: 0
  m_StaticEditorFlags: 0
  m_IsActive: 1
--- !u!4 &4606973352554480
Transform:
  m_ObjectHideFlags: 0
  m_CorrespondingSourceObject: {fileID: 0}
  m_PrefabInstance: {fileID: 0}
  m_PrefabAsset: {fileID: 0}
  m_GameObject: {fileID: 1815847066984660}
  m_LocalRotation: {x: 0.0286338, y: 0.059422545, z: -0.002603553, w: 0.99781877}
  m_LocalPosition: {x: 0.3394746, y: 0.0014475789, z: 0.0014362633}
  m_LocalScale: {x: 1, y: 1, z: 1}
  m_Children:
  - {fileID: 4228090524861352}
  m_Father: {fileID: 4724393243657008}
  m_RootOrder: 0
  m_LocalEulerAnglesHint: {x: 0, y: 0, z: 0}
--- !u!1 &1861727965598094
GameObject:
  m_ObjectHideFlags: 0
  m_CorrespondingSourceObject: {fileID: 0}
  m_PrefabInstance: {fileID: 0}
  m_PrefabAsset: {fileID: 0}
  serializedVersion: 6
  m_Component:
  - component: {fileID: 4263807880448474}
  m_Layer: 7
  m_Name: Toes_R
  m_TagString: Untagged
  m_Icon: {fileID: 0}
  m_NavMeshLayer: 0
  m_StaticEditorFlags: 0
  m_IsActive: 1
--- !u!4 &4263807880448474
Transform:
  m_ObjectHideFlags: 0
  m_CorrespondingSourceObject: {fileID: 0}
  m_PrefabInstance: {fileID: 0}
  m_PrefabAsset: {fileID: 0}
  m_GameObject: {fileID: 1861727965598094}
  m_LocalRotation: {x: 1.9013454e-14, y: -0.7071068, z: 1.9013454e-14, w: 0.7071068}
  m_LocalPosition: {x: -0.07295756, y: 2.040087e-18, z: 3.4087125e-18}
  m_LocalScale: {x: 1, y: 1, z: 1}
  m_Children: []
  m_Father: {fileID: 4588199559801490}
  m_RootOrder: 0
  m_LocalEulerAnglesHint: {x: 0, y: 0, z: 0}
--- !u!1 &1866726049286216
GameObject:
  m_ObjectHideFlags: 0
  m_CorrespondingSourceObject: {fileID: 0}
  m_PrefabInstance: {fileID: 0}
  m_PrefabAsset: {fileID: 0}
  serializedVersion: 6
  m_Component:
  - component: {fileID: 4771740284137824}
  m_Layer: 7
  m_Name: Toes_L
  m_TagString: Untagged
  m_Icon: {fileID: 0}
  m_NavMeshLayer: 0
  m_StaticEditorFlags: 0
  m_IsActive: 1
--- !u!4 &4771740284137824
Transform:
  m_ObjectHideFlags: 0
  m_CorrespondingSourceObject: {fileID: 0}
  m_PrefabInstance: {fileID: 0}
  m_PrefabAsset: {fileID: 0}
  m_GameObject: {fileID: 1866726049286216}
  m_LocalRotation: {x: -2.7376528e-13, y: -0.7071068, z: -2.7376528e-13, w: 0.7071068}
  m_LocalPosition: {x: 0.0729575, y: 2.6645352e-17, z: 1.7763568e-17}
  m_LocalScale: {x: 1, y: 1, z: 1}
  m_Children: []
  m_Father: {fileID: 4260619794844126}
  m_RootOrder: 0
  m_LocalEulerAnglesHint: {x: 0, y: 0, z: 0}
--- !u!1 &1877256254748034
GameObject:
  m_ObjectHideFlags: 0
  m_CorrespondingSourceObject: {fileID: 0}
  m_PrefabInstance: {fileID: 0}
  m_PrefabAsset: {fileID: 0}
  serializedVersion: 6
  m_Component:
  - component: {fileID: 4729507124906560}
  m_Layer: 7
  m_Name: IndexFinger_01 1
  m_TagString: Untagged
  m_Icon: {fileID: 0}
  m_NavMeshLayer: 0
  m_StaticEditorFlags: 0
  m_IsActive: 1
--- !u!4 &4729507124906560
Transform:
  m_ObjectHideFlags: 0
  m_CorrespondingSourceObject: {fileID: 0}
  m_PrefabInstance: {fileID: 0}
  m_PrefabAsset: {fileID: 0}
  m_GameObject: {fileID: 1877256254748034}
  m_LocalRotation: {x: -0.03031297, y: 0.13937831, z: -0.068816446, w: -0.98737997}
  m_LocalPosition: {x: 0.10396601, y: -0.003989964, z: -0.02672651}
  m_LocalScale: {x: 1, y: 1, z: 1}
  m_Children:
  - {fileID: 4009415899044574}
  m_Father: {fileID: 4228090524861352}
  m_RootOrder: 1
  m_LocalEulerAnglesHint: {x: 0, y: 0, z: 0}
--- !u!1 &1886419080578336
GameObject:
  m_ObjectHideFlags: 0
  m_CorrespondingSourceObject: {fileID: 0}
  m_PrefabInstance: {fileID: 0}
  m_PrefabAsset: {fileID: 0}
  serializedVersion: 6
  m_Component:
  - component: {fileID: 4462200056049846}
  m_Layer: 7
  m_Name: Thumb_01
  m_TagString: Untagged
  m_Icon: {fileID: 0}
  m_NavMeshLayer: 0
  m_StaticEditorFlags: 0
  m_IsActive: 1
--- !u!4 &4462200056049846
Transform:
  m_ObjectHideFlags: 0
  m_CorrespondingSourceObject: {fileID: 0}
  m_PrefabInstance: {fileID: 0}
  m_PrefabAsset: {fileID: 0}
  m_GameObject: {fileID: 1886419080578336}
  m_LocalRotation: {x: 0.040382892, y: 0.09494709, z: 0.17329125, w: 0.9794511}
  m_LocalPosition: {x: -0.03514051, y: -0.011706873, z: 0.045055393}
  m_LocalScale: {x: 1, y: 1, z: 1}
  m_Children:
  - {fileID: 4004866889742564}
  m_Father: {fileID: 4753099929514778}
  m_RootOrder: 2
  m_LocalEulerAnglesHint: {x: 0, y: 0, z: 0}
--- !u!1 &1886541703561102
GameObject:
  m_ObjectHideFlags: 0
  m_CorrespondingSourceObject: {fileID: 0}
  m_PrefabInstance: {fileID: 0}
  m_PrefabAsset: {fileID: 0}
  serializedVersion: 6
  m_Component:
  - component: {fileID: 4049147652273238}
  m_Layer: 7
  m_Name: Finger_03 1
  m_TagString: Untagged
  m_Icon: {fileID: 0}
  m_NavMeshLayer: 0
  m_StaticEditorFlags: 0
  m_IsActive: 1
--- !u!4 &4049147652273238
Transform:
  m_ObjectHideFlags: 0
  m_CorrespondingSourceObject: {fileID: 0}
  m_PrefabInstance: {fileID: 0}
  m_PrefabAsset: {fileID: 0}
  m_GameObject: {fileID: 1886541703561102}
  m_LocalRotation: {x: -0.0034767857, y: 0.028698368, z: -0.34082335, w: -0.93968284}
  m_LocalPosition: {x: 0.035133254, y: -0.00000025425106, z: 0.000000013969839}
  m_LocalScale: {x: 1, y: 1, z: 1}
  m_Children:
  - {fileID: 4078689169378712}
  m_Father: {fileID: 4041299032084260}
  m_RootOrder: 0
  m_LocalEulerAnglesHint: {x: 0, y: 0, z: 0}
--- !u!1 &1924623563935656
GameObject:
  m_ObjectHideFlags: 0
  m_CorrespondingSourceObject: {fileID: 0}
  m_PrefabInstance: {fileID: 0}
  m_PrefabAsset: {fileID: 0}
  serializedVersion: 6
  m_Component:
  - component: {fileID: 4061510413840076}
  m_Layer: 7
  m_Name: Spine_02
  m_TagString: Untagged
  m_Icon: {fileID: 0}
  m_NavMeshLayer: 0
  m_StaticEditorFlags: 0
  m_IsActive: 1
--- !u!4 &4061510413840076
Transform:
  m_ObjectHideFlags: 0
  m_CorrespondingSourceObject: {fileID: 0}
  m_PrefabInstance: {fileID: 0}
  m_PrefabAsset: {fileID: 0}
  m_GameObject: {fileID: 1924623563935656}
  m_LocalRotation: {x: 0.9960287, y: -0.087945856, z: -0.0137002, w: -0.0021647008}
  m_LocalPosition: {x: -0.18151172, y: -0.000000029802322, z: 0.000000013969839}
  m_LocalScale: {x: 1, y: 1, z: 1}
  m_Children:
  - {fileID: 4831351120294184}
  m_Father: {fileID: 4023169862216204}
  m_RootOrder: 0
  m_LocalEulerAnglesHint: {x: 0, y: 0, z: 0}
--- !u!1 &1953051194129378
GameObject:
  m_ObjectHideFlags: 0
  m_CorrespondingSourceObject: {fileID: 0}
  m_PrefabInstance: {fileID: 0}
  m_PrefabAsset: {fileID: 0}
  serializedVersion: 6
  m_Component:
  - component: {fileID: 4588199559801490}
  m_Layer: 7
  m_Name: Ball_R
  m_TagString: Untagged
  m_Icon: {fileID: 0}
  m_NavMeshLayer: 0
  m_StaticEditorFlags: 0
  m_IsActive: 1
--- !u!4 &4588199559801490
Transform:
  m_ObjectHideFlags: 0
  m_CorrespondingSourceObject: {fileID: 0}
  m_PrefabInstance: {fileID: 0}
  m_PrefabAsset: {fileID: 0}
  m_GameObject: {fileID: 1953051194129378}
  m_LocalRotation: {x: -0.000000018565432, y: 0.000000007661761, z: -0.33062395, w: 0.94376266}
  m_LocalPosition: {x: -0.1128404, y: 0.000000007450581, z: 0}
  m_LocalScale: {x: 1, y: 1, z: 1}
  m_Children:
  - {fileID: 4263807880448474}
  m_Father: {fileID: 4381753368324324}
  m_RootOrder: 0
  m_LocalEulerAnglesHint: {x: 0, y: 0, z: 0}
--- !u!1 &1965263696682154
GameObject:
  m_ObjectHideFlags: 0
  m_CorrespondingSourceObject: {fileID: 0}
  m_PrefabInstance: {fileID: 0}
  m_PrefabAsset: {fileID: 0}
  serializedVersion: 6
  m_Component:
  - component: {fileID: 4427768377708198}
  m_Layer: 7
  m_Name: Neck
  m_TagString: Untagged
  m_Icon: {fileID: 0}
  m_NavMeshLayer: 0
  m_StaticEditorFlags: 0
  m_IsActive: 1
--- !u!4 &4427768377708198
Transform:
  m_ObjectHideFlags: 0
  m_CorrespondingSourceObject: {fileID: 0}
  m_PrefabInstance: {fileID: 0}
  m_PrefabAsset: {fileID: 0}
  m_GameObject: {fileID: 1965263696682154}
  m_LocalRotation: {x: -0.00041495537, y: 0.004005674, z: 0.09071576, w: 0.9958687}
  m_LocalPosition: {x: -0.111889705, y: 0, z: 0}
  m_LocalScale: {x: 1, y: 1, z: 1}
  m_Children:
  - {fileID: 4774832593398486}
  m_Father: {fileID: 4831351120294184}
  m_RootOrder: 2
  m_LocalEulerAnglesHint: {x: 0, y: 0, z: 0}
--- !u!1 &1967622036531488
GameObject:
  m_ObjectHideFlags: 0
  m_CorrespondingSourceObject: {fileID: 0}
  m_PrefabInstance: {fileID: 0}
  m_PrefabAsset: {fileID: 0}
  serializedVersion: 6
  m_Component:
  - component: {fileID: 4774817452398014}
  m_Layer: 7
  m_Name: IndexFinger_02
  m_TagString: Untagged
  m_Icon: {fileID: 0}
  m_NavMeshLayer: 0
  m_StaticEditorFlags: 0
  m_IsActive: 1
--- !u!4 &4774817452398014
Transform:
  m_ObjectHideFlags: 0
  m_CorrespondingSourceObject: {fileID: 0}
  m_PrefabInstance: {fileID: 0}
  m_PrefabAsset: {fileID: 0}
  m_GameObject: {fileID: 1967622036531488}
  m_LocalRotation: {x: -0.040467247, y: -0.011985468, z: 0.15179093, w: 0.98751116}
  m_LocalPosition: {x: -0.040936317, y: 0.000000041083695, z: -6.184564e-10}
  m_LocalScale: {x: 1, y: 1, z: 1}
  m_Children:
  - {fileID: 4342641246351740}
  m_Father: {fileID: 4399798596914014}
  m_RootOrder: 0
  m_LocalEulerAnglesHint: {x: 0, y: 0, z: 0}
--- !u!1 &1995468813189374
GameObject:
  m_ObjectHideFlags: 0
  m_CorrespondingSourceObject: {fileID: 0}
  m_PrefabInstance: {fileID: 0}
  m_PrefabAsset: {fileID: 0}
  serializedVersion: 6
  m_Component:
  - component: {fileID: 4274801939823330}
  m_Layer: 7
  m_Name: Finger_02
  m_TagString: Untagged
  m_Icon: {fileID: 0}
  m_NavMeshLayer: 0
  m_StaticEditorFlags: 0
  m_IsActive: 1
--- !u!4 &4274801939823330
Transform:
  m_ObjectHideFlags: 0
  m_CorrespondingSourceObject: {fileID: 0}
  m_PrefabInstance: {fileID: 0}
  m_PrefabAsset: {fileID: 0}
  m_GameObject: {fileID: 1995468813189374}
  m_LocalRotation: {x: 0.02224307, y: 0.017308088, z: 0.3328795, w: 0.9425481}
  m_LocalPosition: {x: -0.04248817, y: -0.000000022286258, z: 9.749783e-10}
  m_LocalScale: {x: 1, y: 1, z: 1}
  m_Children:
  - {fileID: 4476084519078538}
  m_Father: {fileID: 4515569436644034}
  m_RootOrder: 0
  m_LocalEulerAnglesHint: {x: 0, y: 0, z: 0}
--- !u!1001 &8045577603813785952
PrefabInstance:
  m_ObjectHideFlags: 0
  serializedVersion: 2
  m_Modification:
    m_TransformParent: {fileID: 4228090524861352}
    m_Modifications:
    - target: {fileID: 5802457731821713122, guid: a53c477f8e91d479d8bab14d54e4e2b4, type: 3}
      propertyPath: m_CastShadows
      value: 0
      objectReference: {fileID: 0}
    - target: {fileID: 5823322888847047106, guid: a53c477f8e91d479d8bab14d54e4e2b4, type: 3}
      propertyPath: m_Name
      value: Yiffe - Right Arm
      objectReference: {fileID: 0}
    - target: {fileID: 5823322888847047106, guid: a53c477f8e91d479d8bab14d54e4e2b4, type: 3}
      propertyPath: m_Layer
      value: 7
      objectReference: {fileID: 0}
    - target: {fileID: 5826813587139562312, guid: a53c477f8e91d479d8bab14d54e4e2b4, type: 3}
      propertyPath: m_RootOrder
      value: 3
      objectReference: {fileID: 0}
    - target: {fileID: 5826813587139562312, guid: a53c477f8e91d479d8bab14d54e4e2b4, type: 3}
      propertyPath: m_LocalPosition.x
      value: -0.028
      objectReference: {fileID: 0}
    - target: {fileID: 5826813587139562312, guid: a53c477f8e91d479d8bab14d54e4e2b4, type: 3}
      propertyPath: m_LocalPosition.y
      value: 0.056
      objectReference: {fileID: 0}
    - target: {fileID: 5826813587139562312, guid: a53c477f8e91d479d8bab14d54e4e2b4, type: 3}
      propertyPath: m_LocalPosition.z
      value: 0.383
      objectReference: {fileID: 0}
    - target: {fileID: 5826813587139562312, guid: a53c477f8e91d479d8bab14d54e4e2b4, type: 3}
      propertyPath: m_LocalRotation.w
      value: 0.6310674
      objectReference: {fileID: 0}
    - target: {fileID: 5826813587139562312, guid: a53c477f8e91d479d8bab14d54e4e2b4, type: 3}
      propertyPath: m_LocalRotation.x
      value: -0.72191006
      objectReference: {fileID: 0}
    - target: {fileID: 5826813587139562312, guid: a53c477f8e91d479d8bab14d54e4e2b4, type: 3}
      propertyPath: m_LocalRotation.y
      value: -0.27526847
      objectReference: {fileID: 0}
    - target: {fileID: 5826813587139562312, guid: a53c477f8e91d479d8bab14d54e4e2b4, type: 3}
      propertyPath: m_LocalRotation.z
      value: 0.06947681
      objectReference: {fileID: 0}
    - target: {fileID: 5826813587139562312, guid: a53c477f8e91d479d8bab14d54e4e2b4, type: 3}
      propertyPath: m_LocalEulerAnglesHint.x
      value: -119.203
      objectReference: {fileID: 0}
    - target: {fileID: 5826813587139562312, guid: a53c477f8e91d479d8bab14d54e4e2b4, type: 3}
      propertyPath: m_LocalEulerAnglesHint.y
      value: -293.411
      objectReference: {fileID: 0}
    - target: {fileID: 5826813587139562312, guid: a53c477f8e91d479d8bab14d54e4e2b4, type: 3}
      propertyPath: m_LocalEulerAnglesHint.z
      value: 276.114
      objectReference: {fileID: 0}
    m_RemovedComponents:
    - {fileID: 5779662278953262136, guid: a53c477f8e91d479d8bab14d54e4e2b4, type: 3}
  m_SourcePrefab: {fileID: 100100000, guid: a53c477f8e91d479d8bab14d54e4e2b4, type: 3}
--- !u!4 &4574146637956860456 stripped
Transform:
  m_CorrespondingSourceObject: {fileID: 5826813587139562312, guid: a53c477f8e91d479d8bab14d54e4e2b4, type: 3}
  m_PrefabInstance: {fileID: 8045577603813785952}
  m_PrefabAsset: {fileID: 0}
